4694 5726
2419 344 2480 433 8

2332 635 2405 731 §-
2504 629 2578 711 5.

969 822 1415 902 Mummm
1398 872 1420 909 ,
1469 840 1664 922 quos
1702 816 1778 910 §-
1830 819 1898 892 3.
1964 813 2430 919 significavi,
2451 811 2830 918 vestigia,
2880 837 3085 918 quae
3145 809 3602 897 adhucdum
3660 813 4152 922 conspiciun·
4206 848 4216 859 ·

776 963 910 1027 tur
931 1001 953 1035 ,
1017 941 1119 1020 ad
1166 941 1372 1017 hanc
1420 957 1761 1016 nostram
1804 938 2023 1014 vallis
2069 938 2866 1043 circumciiptionem
2912 938 3206 1044 optime
3252 956 3721 1041 congruunt.
3827 940 4154 1017 Turrim

648 1050 657 1059 ⁸
774 1067 1171 1174 hippicam
1217 1089 1310 1141 eo
1358 1063 1448 1139 in
1495 1064 1664 1138 loco
1708 1061 1937 1137 fuisse
1987 1062 2252 1151 sitam,
2305 1062 2395 1138 in
2442 1089 2603 1165 quo
2654 1088 2872 1138 nunc
2914 1058 3126 1138 vides
3174 1065 3573 1139 castellum
3622 1063 3986 1169 pisanum
4026 1066 4151 1142 vel

774 1191 1061 1270 turrim
1083 1186 1423 1280 Davidis,
1450 1186 2109 1292 persuasissimum
2152 1185 2353 1261 mihi
2401 1203 2531 1262 est.
2582 1185 2920 1263 Inferior
2966 1187 3181 1262 enim
3227 1186 3393 1263 eius
3442 1214 3618 1292 pars
3663 1213 3758 1264 ex
3804 1186 4155 1266 maximis

772 1312 1173 1420 quadratis
1218 1310 1352 1387 sed
1400 1311 1775 1416 impolitis
1820 1310 2014 1385 saxis
2062 1327 2312 1384 erecta
2361 1334 2723 1411 magnam
2753 1333 2964 1412 ‘prae
3017 1334 3096 1384 se
3159 1310 3315 1386 fert
3379 1308 3961 1411 antiquitatem,
4031 1336 4156 1387 su·

773 1438 1037 1545 perior
1104 1430 1286 1512 <vero
1363 1435 1602 1537 magis
1679 1432 1945 1539 politis
2024 1429 2421 1536 lapidibus
2512 1450 2896 1508 exstructa
2993 1433 3131 1509 illa
3223 1451 3344 1509 est
3418 1434 3672 1509 multo
3751 1432 4153 1509 recentior.

770 1563 1050 1637 Forma
1100 1558 1267 1634 eius
1313 1556 1846 1660 antiquissima
1895 1554 2051 1631 fuit
2103 1553 2484 1658 quadrata
2503 1609 2523 1644 ‚
2586 1553 2891 1656 singula
2958 1554 3199 1631 latera
3273 1555 3694 1634 latitudine
3764 1575 3845 1633 et
3912 1555 4162 1658 longia-

774 1680 1053 1760 tudine
1100 1681 1376 1784 viginti
1452 1679 1812 1783 quinque
1878 1678 2181 1755 cubitos
2248 1675 2623 1782 patebant
2641 1733 2664 1767 ‚
2726 1673 2944 1779 quod
2991 1695 3420 1782 utrumq-ue
3466 1678 3570 1755 ad
3614 1680 4048 1785 hippicam,
4113 1704 4161 1753 a

771 1803 1097 1910 Iosepho
1170 1798 1633 1908 descriptam
1662 1856 1685 1891 ,
1758 1798 2551 1877 accomodatissimum
2624 1816 2739 1875 est
2812 1796 2919 1894 a).
3042 1803 3220 1878 Non
3297 1802 3663 1907 equidem
3738 1827 3863 1877 me
3933 1804 4161 1889 latet,

769 1927 1179 2033 plerosque
1203 1982 1226 2016 ‚
1299 1950 1401 2001 ne
1470 1921 1731 1999 dicam
1797 1946 2059 2000 omnes
2128 1921 2333 2017 viros
2401 1918 2666 1996 doctos
2725 1938 2900 2026 post
2961 1922 3506 2002 D’Anvillium-
3527 1985 3549 2018 ‚
3633 1926 3851 2003 hunc
3902 1926 4166 2001 locum

772 2046 1192 2152 psephinae
1236 2044 1461 2121 turri·
1476 2044 1910 2146 assignasse,
1972 2042 2104 2120 sed
2159 2041 2451 2146 quibus
2502 2039 2718 2119 ducti
2768 2045 2930 2120 sint
2984 2048 3418 2125 rationibus
3433 2106 3455 2141 ‚
3506 2049 3636 2124 vix
3678 2048 3924 2126 video.
3991 2047 4165 2121 Fla-

770 2169 943 2246 vius
991 2168 1358 2276 Iosephus
1401 2166 1725 2272 quidem
1758 2165 1845 2241 in
1898 2191 1987 2242 eo
2005 2223 2024 2256 ,
2076 2191 2238 2270 quo
2290 2164 2888 2271 descriptionem
2930 2164 3169 2243 huius
3218 2169 3456 2244 turris
3489 2171 3806 2245 exhibet
3830 2169 3998 2244 loco
4049 2162 4162 2260 b),

773 2290 1045 2369 refert:
1099 2317 1270 2367 eam
1327 2290 1559 2397 fuisse
1616 2290 2228 2391 octangularem,
2280 2307 2363 2365 et
2420 2289 2509 2365 in
2564 2288 2854 2390 angulo
2904 2289 3511 2393 septentrionem
3561 2311 3642 2367 et
3690 2290 4167 2365 occidentem

774 2439 1032 2493 versus
1086 2414 1234 2490 sito
1300 2411 1682 2488 eductam.
1819 2414 2100 2487 Atvero
2158 2410 2453 2485 formae
2529 2408 3049 2511 octangularis
3090 2439 3191 2489 ne
3238 2412 3644 2517 vestigium
3699 2411 4023 2518 quidem
4078 2410 4170 2485 in

774 2536 1065 2613 castelli
1115 2534 1369 2641 pisani
1420 2532 2123 2611 substructionibus
2163 2530 2817 2637 deprehenditur,
2859 2558 3008 2609 nee
3054 2535 3389 2638 angulus
3446 2536 3597 2614 hoc
3655 2536 3745 2611 in
3795 2531 3984 2631 loco}
4015 2554 4171 2610 esse

775 2661 1054 2765 potuit.
1131 2660 1465 2734 Tertius
1494 2655 1710 2732 enim
1748 2681 2054 2747 murus,
2117 2655 2257 2758 qui
2303 2655 2727 2760 incipiebat
2761 2684 2806 2731 a
2852 2659 3057 2732 turri
3082 2659 3436 2763 hippica‚
3485 2655 3875 2734 borealem
3903 2678 4173 2730 'versus

778 2799 1117 2857 tractum
1181 2777 1282 2854 ad
1351 2778 1639 2855 turrim
1702 2803 1947 2881 usque
1998 2779 2492 2885 psephinam‚
2582 2793 2826 2880 atq-ue
2895 2803 2991 2855 ex
3064 2775 3375 2857 adversa
3434 2797 3694 2887 parte,
3763 2773 4170 2855 meridiem

777 2929 1035 2980 versus
1082 2899 1513 2977 secundum
1554 2900 1776 2976 vallis
1827 2899 2338 2977 directionem
2389 2900 2769 2976 flectebat.

978 3024 1343 3129 Iosephus
1400 3049 1636 3127 porro
1688 3022 1951 3097 asserit
1969 3079 1990 3112 ,
2067 3024 2315 3113 muri,
2378 3023 2520 3126 qui
2580 3022 2988 3103 meridiem
3033 3051 3292 3103 versus
3342 3025 3744 3114 tendebat,
3787 3022 4175 3098 ambitum

782 3150 968 3225 inde
1042 3176 1087 3224 a
1156 3147 1533 3256 psephina
1602 3143 1706 3221 ad
1764 3145 2241 3223 occidentem
2312 3165 2677 3252 spectaaee
2743 3142 2835 3239 c).
2933 3146 3121 3224 ⁴Sed
3189 3146 3293 3224 ad
3363 3147 3840 3224 occidentem
3903 3168 4178 3218 murus

784 3296 1093 3374 vergere
1149 3297 1311 3345 non
1361 3269 1623 3375 potuit
1672 3295 1762 3346 eo
1826 3270 1912 3344 in
1968 3272 2177 3360 loco,
2249 3269 2336 3345 in
2396 3295 2555 3373 q’uo
2617 3287 2729 3346 est
2791 3273 3193 3349 castellum
3249 3272 3630 3378 pisanum.
3748 3271 3916 3343 Hac
3963 3266 4178 3340 enim

786 3395 877 3474 in
930 3394 1254 3495 „regione
1334 3393 1613 3467 vallem
1686 3390 2369 3497 profundissimam
2441 3392 2906 3470 Gehennom
2943 3452 2967 3484 ‚
3034 3420 3237 3497 quae
3313 3395 3621 3471 Sionem
3700 3389 4175 3467 occidentem

787 3542 1045 3593 versus
1114 3513 1561 3604 muniebat,
1651 3540 1952 3621 semper
2013 3514 2245 3591 fuisse
2320 3538 2548 3589 nemo
2623 3514 2794 3617 qui..
2828 3517 2985 3592 suis
3049 3518 3294 3593 oculis
3385 3514 3776 3617 regionem
3840 3528 4176 3587 contem-

790 3640 1049 3744 platus
1097 3654 1209 3712 εισι
1256 3636 1589 3738 negabit.
3095 3620 3105 3628 ’

990 3758 1296 3838 Ibidem
1369 3760 1664 3837 refert·
1756 3778 2105 3867 partem
2076 3757 2500 3835 exercitus
2571 3760 2734 3836 Titi
2806 3764 3024 3839 iuxta
3100 3762 3388 3838 turrim
3468 3757 3871 3898 hippicam
3936 3773 4181 3831 castra

795 3890 1124 3999 posuisse,
1176 3889 1420 3994 quod
1505 3890 1666 3967 Titi
1717 3891 1929 3966 iussu
1991 3891 2286 3967 factum
2356 3887 2627 3977 fuisse,
2697 3912 2859 3960 non
2906 3883 3324 3961 verisimile
3368 3904 3513 3973 est,
3589 3884 3650 3957 si
3717 3881 3964 3982 magis
4017 3895 4185 3952 ver-

797 4043 922 4094 sus
971 4014 1380 4092 meridiem
1426 4013 1569 4091 ubi
1634 4033 1860 4090 erant
1922 4015 2161 4090 valles
2226 4009 2876 4138 profundissimae
2950 4005 3412 4086 Gehennom
3479 4024 3558 4080 et
3622 4003 3883 4079 Siloan
3903 4056 3925 4092 ,
3983 3993 4185 4075 haec

928 4276 989 4348 a)
1076 4268 1158 4332 de
1200 4264 1379 4329 bello
1420 4265 1553 4333 iud.
1592 4266 1692 4345 V,
1734 4267 1797 4346 4,
1840 4268 1890 4348 ς,
1940 4285 1995 4332 r,
2033 4286 2174 4350 sqq.

922 4401 988 4481 b)
1072 4396 1230 4465 ibid.

930 4535 995 4615 c)
1070 4530 1151 4593 de
1192 4525 1372 4591 bello
1412 4524 1545 4588 iud.
1584 4525 1670 4604 V,
1706 4525 1768 4593 δ.
1812 4529 1865 4609 S.
1904 4526 1965 4593 5.
1996 4527 2169 4613 πρὸς
2210 4526 2292 4595 ὃν
2331 4527 2374 4590 6
2411 4527 2650 4604 κύκλος
2687 4533 2820 4590 τοῦ
2859 4525 3115 4607 τείχους
3157 4519 3314 4606 πρὸς
3356 4520 3618 4606 ἄρκτον
3651 4517 3996 4591 καθήκωη
4023 4513 4190 4580 ἀγα-

1057 4643 1350 4728 κάμπτει
1387 4641 1575 4729 πρὸς
1591 4639 1808 4709 δύσιν.
3819 4665 3854 4676 ,Δ
4089 4633 4150 4680 3..
