4694 5726
2461 430 2568 520 19

766 702 775 721 f
822 676 1072 765 ‘eoque
1122 660 1208 734 in
1257 659 1424 735 loeo
1474 651 1560 752 cl)
1606 658 2002 735 ecclesiam
2063 656 2495 736 aedificavit
2535 656 2632 755 ἐ).
2735 664 3171 741 Pei-multae
3239 667 3442 745 circa
3506 693 3676 747 eam
3735 668 4017 748 domus
4073 692 4199 748 ex·-

823 783 1327 861 struebantur
1348 839 1368 871 ‚
1439 800 1673 883 atque
1720 800 1891 858 orta
1936 799 2052 858 est
2114 783 2334 878 quasi
2403 810 2598 859 nova
2666 785 3193 890 Hierosolyma
3264 815 3308 865 e
3368 791 3678 895 regione
3734 796 4035 885 veteris,
4097 797 4196 871 ab

826 905 973 980 hac
1020 930 1109 978 eo
1164 920 1470 979 tantum
1523 902 1814 980 diversa
1836 961 1856 996 ‚
1922 901 2139 1011 quod
2186 903 2426 1009 magis
2470 907 3072 1015 septentrionem
3117 936 3373 989 versus
3419 932 3498 991 et
3545 914 4022 995 occidentem
4074 943 4198 994 ex·

830 1026 1305 1118 tendebatur,

2387 1308 2631 1409 §7-

1014 1550 1183 1622 Iam
1230 1563 1608 1651 superest,
1662 1565 1755 1623 ut
1790 1545 2387 1624 delineationem
2430 1546 3001 1650 Hierosolymae
3050 1546 3390 1626 nostram
3435 1547 3627 1625 huic
3678 1548 4196 1654 disquisitioni

821 1695 1199 1764 annexam
1220 1728 1240 1760 ,
1314 1698 1554 1773 quam
1617 1669 2015 1746 itinerario
2081 1696 2252 1746 meo
2303 1669 2585 1748 addere
2667 1688 2967 1774 tempus
3033 1697 3196 1746 non
3255 1672 3732 1777 patiebatur,
3798 1700 4253 1779 exponam.—

816 1791 912 1864 In
962 1815 1047 1864 ea
1099 1790 1310 1864 illius
1359 1790 1838 1895 potissimum
1885 1792 2125 1896 partis
2174 1791 2556 1868 rationem
2605 1790 2833 1866 fuisse
2879 1791 3354 1882 habendam,
3405 1820 3605 1896 quae
3654 1815 4200 1897 argumentum

816 1930 1168 1986 nostrum
1216 1929 1534 2017 spectat,
1595 1912 1715 1985 vel
1763 1937 1888 1986 me
1938 1939 2097 1986 non
2146 1928 2548 2004 monente,
2614 1913 2867 2019 quivis
2913 1913 3138 1989 facile
3188 1908 3572 2019 intelligit.
3793 1922 4201 1997 Caeterum

806 2033 1251 2107 accuratior
1300 2032 1487 2108 haec
1537 2053 1795 2109 nostra
1844 2034 1994 2109 loci
2042 2036 2490 2110 sanctissimi
2540 2036 2872 2176 sepulcri
2923 2035 3271 2111 definitio
3319 2036 3503 2112 situi
3557 2039 4042 2144 reliquorum
4090 2041 4202 2118 lo-

816 2181 1088 2230 corum
1137 2173 1624 2247 sanctorum,
1693 2157 1958 2264 prouti
2023 2157 2595 2260 Hierosolymae
2646 2160 2738 2234 iis
2785 2158 2926 2262 qui
2989 2185 3383 2237 sacrorum
3431 2185 3652 2236 causa
3705 2160 4199 2269 peregrinan-

821 2295 983 2368 tur,
1047 2266 1326 2382 exponi
1392 2281 1614 2368 solet,
1697 2279 2122 2358 maximum
2186 2280 2410 2358 affert
2499 2279 2805 2386 pondus
2870 2276 2972 2375 α),

819 2515 1072 2590 Litera
1119 2540 1170 2587 a
1221 2515 1566 2620 designat
1612 2518 1873 2593 locum
1920 2516 2370 2593 sanctissimi
2420 2515 2772 2622 sepulcri.

911 2678 1017 2698 ...
1115 2637 1161 2708 b
1356 2682 1460 2701 -.
1702 2682 1806 2698 —-
1902 2637 2347 2740 Golgothae.

806 2764 823 2777 '
907 2783 1018 2819 «⁴-
1117 2782 1159 2828 c
1353 2803 1458 2821 —
1609 2761 1931 2835 tertium
1978 2785 2321 2835 murum.
2400 2790 2408 2796 ·

808 2889 819 2896 ’
913 2922 1017 2942 --
1112 2881 1171 2950 d
1352 2925 1456 2945 --
1603 2884 1999 2962 castellum
2050 2885 2412 2990 pisanum
2460 2882 2578 2956 vel
2631 2881 2917 2958 turrim
2966 2882 3383 2990 hippicam.

931 3220 1003 3303 d)
1082 3223 1336 3286 tametsi
1376 3219 1800 3306 imperatoriis
1842 3221 2031 3285 donis
2071 3220 2345 3284 maxime
2388 3229 2653 3282 ornatus
2696 3227 2885 3296 esset,
2925 3241 2976 3285 s.
3007 3218 3236 3303 Cyrill.
3255 3220 3500 3285 Hieros.
3529 3228 3746 3284 tamen
3790 3224 4014 3288 asserit
4055 3227 4192 3288 Cat.

1066 3338 1181 3419 14,
1251 3337 1289 3400 5
1333 3346 1400 3399 et
1438 3358 1500 3419 9.
1544 3358 1663 3398 sno
1709 3334 1905 3397 etiam
1944 3344 2234 3417 tempore
2275 3334 2453 3396 horti
2492 3335 2759 3419 vestigia
2801 3344 2870 3397 et
2923 3335 3233 3418 reliquias
3277 3336 3689 3419 superfuisse.
3791 3339 4007 3403 Verba
4041 3342 4189 3406 eius

1054 3450 1221 3513 haec
1263 3461 1454 3514 suntz
1518 3452 1579 3516 εἰ
1618 3449 1745 3538 γὰρ
1788 3449 1906 3514 καὶ
1945 3449 2043 3515 τὰ
2083 3450 2390 3536 μάλιστα
2429 3460 2550 3516 νῦν
2589 3450 2963 3548 βασιλικαῖς
3007 3451 3274 3536 δωρεαῖς
3316 3450 3720 3536 impetn-o
3763 3452 3945 3517 ἀλλὰ
3985 3462 4192 3530 κῆπος

1058 3565 1141 3637 ἦν
1181 3566 1507 3650 πρότερον
1549 3565 1667 3629 καὶ
1706 3569 1804 3629 τὰ
1843 3564 2153 3649 σύμβολα
2190 3567 2441 3628 τόπου
2486 3567 2660 3648 μένει
2698 3564 2813 3627 καὶ
2854 3566 2950 3631 τὰ
2988 3564 3302 3646 λείψανα.

852 3767 863 3776 ,
930 3729 987 3813 e)
1069 3734 1154 3798 cf.
1195 3731 1434 3800 Euseb.
1477 3732 1610 3798 Vit.
1651 3731 1984 3797 Constant.
2030 3730 2170 3811 111,
2215 3729 2316 3796 25.
2357 3730 2459 3808 54.
2498 3752 2548 3797 s.
2589 3727 2819 3813 cyrill.
2858 3729 3107 3792 Hieros.
3152 3739 3272 3797 cat.
3323 3751 3415 3799 ια,
3458 3749 3522 3798 ιι.
3567 3731 3669 3815 59,
3713 3741 3834 3799 eat.
3887 3731 3979 3796 16.
4021 3754 4085 3796 ιι.
4124 3734 4190 3812 4.

1060 3854 1181 3909 cat.
1223 3849 1287 3925 4.
1331 3868 1396 3907 ιι.
1448 3868 1518 3909 ιο
1561 3854 1629 3909 et
1676 3846 1770 3923 14.
1850 3853 1973 3908 cat.
2025 3865 2116 3906 ιο.
2161 3864 2225 3906 ιι.
2276 3844 2371 3910 ι8.
2460 3851 2582 3906 cat.
2633 3844 2727 3910 ιδ.
2772 3864 2836 3905 ιι.
2879 3844 3027 3927 59.,
3092 3844 3207 3907 ubi
3263 3845 3331 3907 in
3390 3845 3618 3908 eadem
3677 3867 3870 3929 saepe
3928 3831 4184 3931 saepius

1062 3981 1130 4024 se
1160 3961 1574 4046 ‘praedic-asse
1616 3959 1860 4024 asserit.

812 4131 821 4158 ⁷
932 4126 998 4201 ιτ)
1081 4122 1270 4182 Iuvat
1305 4129 1635 4204 praetensa
1674 4128 2004 4203 repetere,
2049 4118 2229 4202 quod
2269 4119 2396 4180 iam
2442 4119 2508 4182 iii
2553 4119 2886 4185 itinerario
2924 4144 2988 4205 p.
3042 4121 3155 4186 185
3197 4121 3487 4184 asseruit
3531 4121 3652 4184 der
3681 4124 4186 4209 anpartheiiselte

1062 4237 1457 4299 Beobacheer
1496 4234 1678 4296 wir-d
1712 4237 2139 4315 eingestehen,
2198 4235 2351 4297 dass
2392 4234 2509 4296 das
2532 4279 2552 4314 ,
2606 4236 2892 4317 obgleicls
2942 4237 3090 4297 sehr
3139 4235 3530 4298 verc‘inderte
3578 4237 3851 4299 neuter
3893 4237 4013 4299 der
4050 4238 4182 4300 hez·-

1059 4352 1226 4433 lt‘gen
1272 4352 1681 4429 Geschichte,
1704 4370 1798 4412 -so
1838 4351 1967 4411 wie
2017 4371 2083 4411 es
2111 4352 2273 4432 jetzt
2311 4352 2550 4431 gezeigt
2589 4349 2807 4428 wir-d,
2849 4369 2921 4409 so
2963 4350 3111 4411 sehr
3148 4353 3265 4412 mit
3305 4348 3431 4411 den
3470 4349 4011 4430 Beschreibungen
4064 4348 4185 4411 der

884 4493 895 4504 ›
960 4489 971 4520 ι
1050 4465 1325 4545 heiligen
1375 4463 1844 4546 Solu-{fiscella-
1884 4462 2023 4524 und
2072 4465 2184 4525 des
2221 4465 2479 4529 Flavius
2539 4464 2851 4548 Iosephus
2915 4465 3447 4540 iibereinstimmt,
3490 4463 3642 4525 dass
3680 4485 3829 4526 man
3875 4465 4028 4525 eber·
4069 4459 4201 4546 auf

1056 4579 1169 4641 die
1215 4579 1419 4641 durch
1460 4578 1567 4639 die
1616 4577 1959 4642 Tradicion
2000 4579 2354 4642 hemer-Istam
2389 4577 2546 4642 Ome
2585 4579 2682 4646 als
2728 4576 2859 4663 aus
2879 4577 3116 4642 audere
3155 4578 3459 4662 get-afflat
3494 4576 3764 4664 wilde,
3810 4597 4003 4644 wem:
4034 4597 4183 4643 mm

1061 4695 1199 4755 ihre
1240 4694 1411 4774 Lage
1451 4714 1531 4755 zu
1577 4692 1944 4756 bestimmen
1988 4692 2181 4759 hatte.
