4694 5726
2484 428 2590 509 12

788 690 797 709 -
844 664 1093 753 ‘eoque
1145 649 1230 723 in
1279 648 1446 724 loco
1496 640 1582 741 cl)
1628 647 2024 724 ecclesiam
2085 645 2517 724 aedificavit
2563 646 2655 744 e).
2757 654 3194 731 Pei-multae
3227 698 3230 703 >
3262 657 3465 735 circa
3529 684 3699 738 eam
3759 659 4040 739 ‘domus
4096 684 4222 740 ex·-

845 773 1349 850 struebantur
1371 829 1390 860 ,
1461 790 1696 873 atque
1742 789 1914 847 orta
1958 788 2073 846 est
2136 772 2357 867 quasi
2424 800 2620 849 nova
2688 774 3216 880 Hierosolyma
3285 805 3331 854 e
3391 782 3701 885 regione
3756 786 4058 875 veteris,
4119 788 4219 862 ab

848 893 995 968 hac
1042 919 1131 967 eo
1185 908 1492 968 tantum
1543 892 1836 970 diversa
1857 950 1878 985 ‚
1944 890 2161 1000 quod
2208 894 2448 999 magis
2492 897 3094 1005 septentrionem
3140 926 3396 979 versus
3442 922 3521 982 et
3568 904 4044 986 occidentem
4096 934 4220 985 ex·

851 1014 1327 1107 tendebatur,

2408 1297 2653 1399 §7-

1037 1539 1205 1611 Iam
1252 1553 1630 1640 superest,
1683 1555 1777 1612 ut
1811 1534 2407 1614 delineationem
2451 1537 3023 1640 Hierosolymae
3073 1538 3412 1615 nostram
3457 1537 3649 1614 huic
3700 1538 4218 1644 disquisitioni

842 1684 1221 1753 annexam
1241 1717 1261 1749 ,
1334 1687 1575 1761 quam
1637 1658 2036 1737 itinerario
2103 1687 2273 1736 meo
2324 1659 2606 1738 addere
2689 1678 2989 1764 tempus
3054 1687 3217 1737 non
3276 1662 3753 1766 patiebatur,
3820 1691 4219 1770 exponam.
4258 1709 4274 1720 ·

837 1780 933 1853 In
983 1804 1069 1852 ea
1121 1779 1331 1853 illius
1378 1779 1859 1884 potissimum
1906 1782 2146 1886 partis
2195 1781 2577 1858 rationem
2626 1780 2855 1856 fuisse
2901 1781 3375 1872 habendam,
3427 1810 3627 1886 quae
3675 1805 4222 1887 argumentum

839 1919 1189 1975 nostrum
1237 1918 1555 2006 spectat,
1616 1902 1736 1975 vel
1786 1926 1908 1976 me
1958 1929 2118 1975 non
2168 1918 2569 1994 monente,
2635 1903 2889 2009 quivis
2935 1904 3160 1979 facile
3209 1898 3594 2009 intelligit.
3814 1912 4222 1988 Caeterum

827 2021 1272 2096 accuratior
1321 2021 1508 2097 haec
1558 2042 1816 2099 nostra
1865 2023 2015 2097 loci
2063 2025 2510 2099 sanctissimi
2561 2026 2894 2132 sepulcri
2944 2025 3292 2101 definitio
3340 2027 3525 2102 situi
3578 2030 4064 2169 reliquorum
4112 2033 4223 2109 lo-

837 2169 1108 2218 corum
1158 2163 1645 2237 sanctorum,
1714 2147 1980 2253 prouti
2044 2146 2617 2251 Hierosolymae
2666 2149 2758 2224 iis
2806 2149 2948 2251 qui
3010 2175 3404 2225 sacrorum
3452 2176 3674 2226 causa
3726 2152 4221 2260 peregrinan-

840 2284 1003 2356 tur,
1067 2256 1347 2371 exponi
1413 2270 1635 2357 solet,
1718 2268 2143 2347 maximum
2207 2269 2431 2347 affert
2520 2268 2826 2376 pondus
2890 2266 2994 2364 a).

838 2504 1092 2579 Litera
1139 2529 1190 2576 a
1240 2503 1587 2609 designat
1633 2507 1894 2582 locum
1941 2506 2392 2582 sanctissimi
2441 2506 2793 2612 sepulcri.

931 2667 1037 2687 -
1135 2626 1181 2697 b
1377 2671 1481 2690 -
1722 2671 1827 2687 —
1923 2627 2369 2730 Golgothae.

826 2754 842 2767 ’
927 2773 1038 2809 «⁴-
1135 2772 1179 2818 c
1374 2793 1479 2811 —
1631 2750 1951 2825 tertium
1999 2774 2342 2827 murum.
2421 2780 2428 2785 ·

932 2911 1036 2931 --
1132 2871 1191 2940 d
1372 2916 1478 2935 —-
1622 2873 2021 2952 castellum
2071 2874 2433 2982 pisanum
2481 2872 2600 2945 vel
2652 2870 2938 2948 turrim
2986 2872 3404 2981 hippicam.

950 3210 1022 3293 d)
1102 3213 1356 3276 tametsi
1396 3211 1819 3296 imperatoriis
1861 3212 2051 3276 donis
2091 3211 2367 3275 maxime
2409 3220 2674 3273 ornatus
2717 3218 2906 3288 esset,
2946 3231 2996 3276 s.
3027 3209 3257 3294 Cyrill.
3276 3212 3521 3276 Hieros.
3550 3220 3767 3276 tmen
3810 3214 4035 3279 asserit
4076 3218 4212 3280 Cat.

1086 3328 1201 3408 14,
1271 3327 1309 3390 5
1353 3336 1420 3390 et
1458 3348 1521 3409 9.
1565 3347 1682 3389 suo
1728 3326 1924 3388 etiam
1964 3335 2255 3409 tempore
2296 3325 2474 3388 horti
2513 3325 2780 3409 vestigia
2821 3335 2890 3388 et
2944 3326 3254 3409 reliquias
3300 3328 3709 3411 superfuisse.
3811 3331 4027 3394 Verba
4061 3333 4208 3395 eius

1074 3440 1241 3503 haec
1282 3450 1475 3504 suntz
1538 3444 1599 3506 εἰ
1638 3440 1764 3529 γὰρ
1807 3440 1925 3505 καὶ
1965 3440 2063 3506 τὰ
2104 3442 2410 3527 μάλιστα
2449 3450 2570 3507 νῦν
2609 3440 2984 3539 βασιλικαῖς
3028 3442 3295 3528 δωρεαῖς
3337 3442 3741 3528 {mancipem-o
3783 3443 3965 3508 ἀλλὰ
4005 3453 4212 3521 κῆπος

1078 3555 1161 3627 ἦν
1201 3555 1527 3641 πρότερον
1569 3556 1687 3619 καὶ
1727 3559 1823 3620 τὰ
1862 3555 2173 3642 σύμβολα
2210 3558 2461 3619 vdes-ov
2505 3558 2680 3639 μένει
2719 3556 2836 3618 καὶ
2875 3558 2970 3622 τὰ
3009 3555 3323 3638 λείψανα.

872 3757 879 3766 ·
949 3719 1006 3803 e)
1089 3724 1174 3789 cf.
1206 3722 1454 3791 Ἐπεὶ).
1497 3724 1629 3789 vit.
1671 3722 2004 3789 Constant.
2050 3721 2190 3802 111,
2235 3720 2336 3788 25.
2377 3721 2479 3799 54.
2518 3743 2568 3788 s.
2609 3719 2839 3805 cyrill.
2879 3721 3128 3784 Hieros.
3173 3730 3293 3788 cst.
3344 3742 3435 3792 ια,
3478 3739 3543 3789 n.
3587 3722 3689 3805 39.
3733 3731 3853 3789 eat.
3906 3721 3998 3786 16.
4040 3745 4105 3787 ιι.
4143 3725 4209 3803 4.

1080 3845 1201 3900 cat.
1243 3840 1306 3916 4.
1351 3859 1416 3899 ιι.
1467 3860 1538 3900 ιο
1580 3845 1648 3900 et
1694 3837 1789 3914 14.
1871 3844 1993 3898 cat.
2045 3856 2137 3897 10.
2181 3856 2245 3897 ιι.
2298 3836 2391 3902 18.
2480 3843 2602 3898 cat.
2653 3836 2747 3901 ιδ.
2792 3855 2857 3898 ιι.
2900 3836 3047 3919 59.,
3112 3835 3227 3898 ubi
3281 3836 3351 3897 in
3410 3835 3638 3898 eadem
3697 3857 3889 3919 saepe
3948 3837 4203 3922 saepius

1081 3972 1150 4015 se
1182 3952 1593 4037 praedicasse
1635 3950 1879 4015 asserit.

830 4121 839 4149 ³
952 4117 1017 4191 a)
1101 4113 1289 4173 Iuvat
1324 4120 1654 4195 praeterea
1693 4119 2024 4195 repetere,
2069 4110 2249 4194 quod
2289 4111 2416 4172 iam
2462 4112 2528 4174 ἰίι
2573 4112 2906 4177 itinerario
2944 4133 3007 4196 p.
3061 4111 3174 4177 185
3216 4112 3507 4176 asserui:
3551 4111 3672 4174 der
3701 4114 4205 4199 anpartbeiz‘sclte

1082 4229 1477 4291 Beobachter
1515 4226 1697 4288 wir-d
1731 4225 2159 4307 eingeste'hen,
2218 4227 2370 4289 dass
2412 4226 2529 4289 das
2552 4271 2572 4306 ,
2625 4228 2911 4308 obgleich
2961 4228 3109 4288 sehr
3157 4226 3550 4289 verc‘indene
3597 4227 3870 4289 flenter
3895 4228 4031 4289 der
4069 4229 4202 4291 hei·

1079 4344 1246 4425 ligea
1292 4344 1700 4421 Geschichte,
1724 4362 1817 4404 -so
1857 4344 1987 4404 wie
2036 4364 2101 4404 es
2131 4346 2293 4424 jetzt
2330 4344 2570 4423 gezeigt
2608 4340 2826 4420 wir-d,
2867 4360 2939 4401 so
2982 4342 3130 4402 selu·
3167 4344 3283 4402 mit
3324 4339 3450 4402 den
3490 4340 4030 4421 Beschreibungen
4083 4340 4205 4403 der

904 4483 915 4494 ·
980 4481 991 4512 ε
1070 4457 1345 4537 heiligen
1395 4454 1863 4537 Schnflsteller
1903 4455 2042 4517 und
2092 4456 2205 4518 des
2241 4457 2498 4520 Flavius
2559 4455 2871 4540 Iosephus
2935 4457 3467 4531 abercinstimmt,
3510 4454 3662 4516 dass
3700 4477 3848 4517 man
3895 4455 4048 4517 eber·
4089 4451 4221 4538 auf

1076 4570 1190 4632 die
1233 4570 1439 4632 durch
1480 4569 1586 4631 die
1635 4569 1978 4634 Tradicion
2019 4571 2373 4634 hemer-luen
2409 4569 2565 4634 Ome
2604 4571 2699 4635 ale
2747 4567 2879 4654 aus
2898 4569 3137 4634 audere
3173 4569 3478 4654 ges-aben
3514 4568 3784 4652 «νῦν-δε,
3830 4589 4023 4636 wem:
4054 4589 4203 4635 mm

1080 4687 1219 4747 ihre
1259 4686 1430 4766 Lage
1470 4706 1550 4747 zu
1596 4687 1962 4749 bestimmen
2007 4684 2201 4752 Indue.
