4694 5726
2178 379 2277 459 21

934 691 1299 791 ORDO
1415 682 2406 783 THEOLOGORUM
2496 673 3536 775 CATHOLICORUM

554 892 703 964 hoc
806 885 1139 961 ostulat:

750 916 847 1080 fn
894 1019 1363 1079 sacramento
1411 996 1930 1135 poenitentiae
1975 989 2176 1096 quid
2222 981 2586 1096 operetur
2630 989 2906 1079 Deus,-
2946 988 3295 1093 quidque
3337 984 3779 1063 faciendum
3818 987 3916 1061 sit

558 1127 895 1216 homini,
966 1145 1060 1200 ut
1106 1123 1407 1196 fructus
1452 1120 1616 1193 eius
1686 1115 2101 1222 percipiat,
2170 1113 2377 1188 clare
2426 1109 2873 1191 ostendatur
2936 1136 3030 1187 ex
3086 1110 3348 1189 divina
3418 1109 3913 1202 revelatione3

559 1252 707 1339 ita,
780 1267 871 1323 ut
933 1244 1270 1323 hominis
1318 1268 1498 1319 cum
1544 1240 1711 1314 Deo
1762 1264 2000 1313 nexus
2048 1253 2434 1340 appareat.

1537 1425 2014 1520 ORDO
2156 1420 2971 1518 ICTORUM

563 1611 937 1687 desiderat
987 1645 1001 1681 z

949 1783 982 1814 «
1003 1739 1115 1804 ut'
1139 1745 1490 1802 accurate
1538 1743 1616 1799 et
1662 1722 2072 1826 diligenter
2121 1745 2214 1793 ex
2261 1718 2441 1822 ipsis
2487 1717 2833 1794 fontibus
2894 1734 3326 1821 exponatur
3391 1714 3741 1791 doctrina
3810 1717 3927 1789 iu-

960 1855 1064 1944 ris
1133 1848 1456 1924 Romani
1527 1846 1621 1919 de
1681 1845 1952 1948 capitis
2018 1841 2552 1919 deminutione
2619 1842 2942 1918 minima
3009 1831 3325 1944 eiusque
3391 1841 3759 1917 relatione
3828 1828 3928 1915 ad

951 1992 1235 2049 statum
1291 1969 1647 2047 familiae.
1670 1977 1704 2010 '¹

1410 2152 1888 2246 ORDO
2005 2148 3192 2339 MEDICORUM

569 2332 653 2404 in
704 2354 1000 2403 annum
1048 2346 1441 2429 posterum
1488 2326 1914 2427 proponit:
2765 2386 2773 2387 ff

957 2440 1429 2541 “Indagetur
1476 2458 1711 2539 atque
1758 2439 2329 2539 experimentiS,
2397 2417 2785 2539 quantum
2853 2434 3019 2507 fieri
3092 2434 3359 2568 possit,
3430 2452 3586 2510 tam
3654 2438 3738 2511 in
3797 2438 3935 2511 ho-

966 2565 1177 2636 mine
1252 2587 1434 2635 sano
1486 2577 1717 2660 atque
1767 2576 2120 2658 aegrotO,
2191 2583 2430 2658 quam
2479 2557 2565 2630 in
2647 2554 2898 2628 brutis
2956 2554 3325 2629 institutis
3363 2613 3383 2645 ,
3472 2555 3941 2659 profundius

971 2685 1438 2758 extricetur:
1516 2708 1618 2753 an
1667 2697 1745 2753 et
1791 2706 1948 2780 quo
2009 2677 2237 2754 modo
2263 2737 2282 2767 ,
2351 2678 2619 2753 habito
2686 2697 3034 2782 respectu
3100 2677 3201 2753 ad
3260 2704 3534 2754 eorum
3602 2681 3795 2755 vires
3856 2701 3934 2755 et

970 2806 1332 2891 virtutes,
1416 2801 1624 2877 bases
1684 2801 1978 2874 calinae
2050 2825 2140 2873 ex
2213 2800 2415 2903 Opio
2444 2857 2464 2891 ,
2533 2802 3007 2904 Hyoscyamo
3073 2822 3151 2878 et
3216 2799 3679 2877 Belladonna
3707 2859 3726 2891 ,
3802 2830 3938 2877 no-

970 2930 1142 3003 stris
1209 2919 1479 2999 diebus
1551 2920 1908 3010 eductae,
1994 2934 2070 2997 et
2147 2923 2330 2997 salia
2399 2950 2491 2996 ex
2556 2923 2649 2998 iis
2715 2944 2983 3028 parata
3060 2924 3423 2999 differant
3479 2952 3522 2998 a
3587 2924 3940 3029 partibus

978 3048 1489 3124 constitutivis
1548 3046 1701 3121 sive
1772 3046 2164 3120 elementis
2221 3041 2591 3149 proximis
2657 3046 3242 3148 vegetabilibus,
3310 3049 3575 3150 quales
3634 3048 3742 3120 in‘
3781 3046 3935 3121 for-

977 3171 1118 3243 mis
1195 3169 1509 3241 illarum
1593 3168 2043 3270 plantarum
2122 3166 2526 3269 hucusque
2606 3167 2903 3249 usitatis
2976 3169 3060 3246 in
3134 3189 3295 3244 arte
3365 3166 3655 3244 medica
3724 3167 3941 3243 adhi-

971 3288 1359 3363 bebantur
1392 3289 1423 3358 ἶ)
1459 3296 1492 3328 ’'

1486 3471 1851 3566 oRDo
1928 3437 3043 3597 PHILOSOPHORUM

586 3649 774 3723 duas
821 3674 913 3722 ex
962 3645 1236 3721 ordine
1287 3647 1660 3750 proponit
1710 3644 2186 3746 quaestiones
2210 3702 2228 3734 ,
2283 3643 2832 3749 Philologicam
2883 3650 3234 3740 alteram,
3285 3652 3606 3728 alteram
3654 3654 3942 3730 Mathe-

586 3771 978 3857 maticam‚
1029 3795 1368 3871 quarum
1417 3784 1867 3870 argumenta
1917 3764 2106 3841 haec
2155 3782 2378 3840 sunt.

723 3896 777 3964 1.
880 3892 1104 3988 Leges
1162 3906 1240 3962 et
1288 3906 1694 3991 praecepta
1741 3884 2234 3987 grammatica
2282 3886 2658 3963 sermonis
2694 3887 2986 3978 Latini,
3054 3914 3251 3991 quae
3312 3894 3608 3996 primus
3656 3896 3946 3994 Diony-

975 4012 1132 4086 sius
1178 4010 1596 4087 Lambinus
1643 4012 1860 4112 sequi
1911 4011 2188 4115 coepit
2211 4011 2298 4085 in
2345 4009 2829 4087 emendando
2895 4012 3293 4106 Cicerone,
3376 4036 3457 4092 et
3505 4038 3758 4122 postea
3808 4022 3944 4092 Er-

979 4132 1266 4207 nestius
1312 4131 1678 4208 audacius
1728 4133 2269 4272 incautiusque
2323 4134 2755 4239 usurpavit,
2809 4154 2903 4210 ut
2948 4135 3153 4213 falsis
3194 4139 3475 4242 regulis
3511 4166 3658 4244 pei
3662 4146 3944 4216 multos

980 4255 1181 4329 locos
1241 4254 1714 4359 corruperit3
1803 4255 2338 4358 imprimisque
2412 4254 2576 4343 illa,
2661 4279 2866 4356 quae
2919 4275 3103 4332 sunt
3160 4256 3255 4333 de
3326 4262 3798 4366 temporibus
3860 4292 3946 4336 ac

983 4376 1232 4453 modis
1279 4397 1356 4452 et
1406 4377 1504 4452 de
1551 4367 2085 4456 consecutione
2135 4399 2612 4483 temporum,
2687 4402 2775 4452 ea
2837 4380 3131 4472 omnia,
3223 4381 3329 4457 ita
3378 4400 3473 4457 ut
3532 4382 3732 4458 nihil
3786 4388 3944 4460 fere

979 4498 1422 4591 omittatur,
1474 4523 1566 4573 ex
1613 4499 1969 4577 Lambini
2019 4520 2098 4578 et
2152 4499 2483 4579 Ernestii
2532 4504 3100 4581 commentariis
3158 4504 3622 4609 colligantur
3712 4528 3944 4611 atque

975 4617 1092 4729 ad*
1117 4643 1394 4724 genera
1425 4645 1560 4699 sua
1596 4640 1685 4734 pt
1729 4621 1989 4700 classes
2035 4619 2356 4725 digesta,
2404 4624 2704 4728 singula
2754 4627 3324 4717 examinentur,
3377 4647 3456 4705 et
3518 4631 3946 4711 rationibus

3135 4785 3140 4790 ·
3165 4757 3217 4845 4
