4694 5726
2379 360 2626 512 ,19

964 658 973 665 “
1067 648 1530 788 Psophinam
1564 634 1875 724 turrim
1919 640 2135 724 illam
2176 650 2552 729 excelsam
2599 678 2687 727 ea
2748 640 2834 732 in
2892 659 3202 769 regione
3257 662 3522 755 fuisse,
3575 650 3790 768 qnae
3849 665 4044 749 hm'c'
4099 680 4260 747 ern-a·

867 771 1090 878 porio
1159 771 1412 846 vicina
1484 787 1633 861 est,
1713 770 2071 845 videlicet
2137 772 2350 851 inter.
2397 774 2844 853 castellum
2876 806 2927 854 s.
2981 761 3378 875 Helenae,
3429 806 3508 862 et
3567 806 3870 891 portam
3933 790 4258 867 iudicia-

871 898 1107 986 riam,
1179 893 1686 969 certissimum
1733 893 1932 969 mihi
1992 864 2319 970 videtur.
2423 898 2788 1003 Iosephus
2848 904 2969 979 vel
3037 926 3301 1009 aperte
3359 909 3551 986 dicit
3627 914 3750 986 vel
3818 914 4092 991 innuit
4129 916 4254 1013 ἢ),

866 1043 1037 1097 eam
1101 1043 1146 1091 a
1218 1035 1442 1120 porta
1509 1015 1886 1120 Ephraim
1947 1013 2217 1108 (nunc
2268 1036 2510 1123 porta
2584 1020 3033 1103 damascena
3111 1030 3229 1102 vel
3293 1031 3865 1130 hab-el-amud)
3886 1094 3905 1127 ,
3971 1064 4254 1141 parum

856 1138 1281 1243 ,distantem
1333 1137 1576 1212 fuisse.
1680 1140 1872 1213 Eam
1934 1137 2235 1213 fuisse
2214 1168 2300 1215 ιιι
2350 1132 2684 1218 extrema
2735 1164 2956 1249 parte
3004 1130 3298 1225 boreali
3347 1152 3628 1244 Sionis,
3707 1158 3829 1232 vel
3878 1164 4009 1242 τῆς
4077 1160 4258 1231 οἰνω-

862 1260 1177 1348 πόλεως,
1244 1286 1288 1335 e
1339 1261 1648 1363 regione
1710 1264 1951 1334 Acrae
2022 1263 2143 1336 vel
2189 1287 2316 1345 της
2364 1265 2835 1348 navandum
2903 1270 2973 1343 ei
3042 1271 3208 1345 viae
3269 1275 3695 1366 confinem,
3747 1306 3985 1381 quam
4040 1300 4255 1357 nunc

868 1386 1096 1461 barat
1161 1382 1691 1459 hab-el-amud
1742 1403 2056 1476 vocant,
2126 1387 2214 1461 in
2284 1414 2526 1489 quam
2582 1387 2971 1465 descendis
2990 1449 3011 1481 ‚
3077 1392 3141 1468 si
3210 1420 3303 1469 ex
3333 1398 3812 1475 monasterio
3884 1426 3935 1474 s.
3981 1404 4272 1479 -Sakvas

875 1508 1060 1585 toris
1125 1534 1267 1612 per
1328 1507 1532 1582 viam
1600 1505 2029 1583 dolorosam
2097 1507 2932 1607 (barat-el-nasareh)
2959 1572 2981 1604 ‚
3053 1515 3492 1592 ’orientem
3513 1538 3772 1596 versus
3846 1542 4110 1625 usque
4152 1520 4276 1600 ad·

879 1652 1186 1738 portam
1239 1631 1726 1705 iudiciariam
1775 1631 2363 1736 proficiscaris,
2399 1659 2491 1707 ex
2540 1636 2710 1711 aliis
2756 1635 3108 1713 indiciis
3099 1640 3398 1717 coniici
3445 1660 3708 1783 potest.
4255 1642 4264 1651 ’

1071 1754 1344 1828 Turris
1409 1752 1596 1827 haec
1647 1754 1733 1826 in
1797 1779 1884 1827 ea
1934 1754 2143 1827 muri
2195 1755 2408 1831 tertii
2460 1776 2679 1861 parte
2728 1759 2868 1835 sita
2919 1759 3111 1850 fuit,
3188 1762 3325 1837 ubi
3386 1764 3520 1838 ille
3591 1766 3678 1841 in
3731 1767 4107 1870 angulum
4139 1766 4268 1841 ad

867 1877 1468 1983 septentrionem
1518 1893 1597 1950 et
1644 1875 2122 1951 occidentem
2196 1876 2432 1953 situm
2481 1880 2764 1964 abibat.
2867 1884 3154 1984 Anguli
3209 1905 3474 1961 autem
3543 1900 3829 1965 nomen
3881 1890 3969 1965 in
4021 1889 4254 1965 aliam

870 1999 1108 2074 huius
1171 2000 1377 2073 muri
1429 2018 1732 2136 partem
1779 2004 1905 2075 vix
1954 2002 2229 2074 melius
2278 2002 2685 2115 congruit,
2747 2030 2988 2105 quam
3037 2004 3122 2080 in
3176 2005 3400 2082 hanc.
3517 2012 3715 2085 Nam
3767 2012 3948 2088 inde
3998 2036 4042 2087 a
4092 2034 4257 2115 pse—

868 2119 1113 2226 phina
1199 2121 1440 2195 altera
1495 2123 1705 2195 muri
1772 2148 1949 2228 pars
1997 2148 2252 2197 versus
2311 2146 2481 2197 eam
2533 2122 2922 2225 regionem
2981 2124 3380 2237 tendebat,
3453 2154 3664 2231 quae
3706 2118 3818 2206 est
3855 2132 4075 2209 -iater
4132 2156 4257 2208 oo-

867 2242 1252 2320 cidentem
1335 2244 1510 2318 solis
1589 2261 1668 2321 et
1747 2243 2204 2319 meridiem·
2184 2277 2207 2338 3
2240 2230 2539 2319 altera
2621 2269 2802 2319 vero
2892 2248 3524 2355 septentrionem
3564 2277 3820 2329 versus
3855 2312 3876 2346 ,
3974 2252 4255 2331 deinde

876 2369 1254 2444 orientem
1336 2392 1596 2443 versus
1667 2391 1712 2441 e
1794 2369 2103 2469 regione
2186 2368 2676 2445 monumenti
2763 2368 3108 2446 Helenae
3136 2428 3156 2461 ‚
3241 2372 3823 2450 Adiabenorum
3903 2378 4249 2479 reginae,

870 2492 1228 2593 vergebat
1258 2549 1279 2583 ,
1374 2489 1588 2565 unde
1669 2517 1810 2596 per
1896 2494 2297 2597 speluncas
2375 2489 2623 2591 regias
2708 2487 2794 2562 in
2885 2489 3234 2631 longum
3301 2490 3593 2568 ducta
3622 2492 3810 2567 in‘de
3903 2522 3949 2569 a
4034 2512 4256 2600 porta

869 2613 1259 2718 Ephraem
1326 2612 1426 2687 ad
1496 2638 1664 2688 eam
1739 2613 2070 2689 Herodis
2144 2611 2413 2709 (ιιιιιιο
2488 2609 3099 2717 bah-ea-zahari)
3168 2614 3254 2687 in
3307 2614 3679 2725 angulari
3729 2619 3965 2693 'cu-rri
4033 2638 4261 2724 ”prv-

868 2760 967 2841 pe
1048 2756 1646 2811 monumentum
1716 2737 2036 2810 fullonis
2098 2736 2590 2826 flectebatur,
2663 2750 2742 2811 et
2808 2736 3134 2836 antiquo
3207 2764 3466 2813 muro
3499 2741 3946 2815 coniuncta
3960 2766 4050 2825 m
4079 2745 4282 2817 'val-

878 2859 952 2933 le
1006 2859 1286 2935 Maeon
1358 2858 1564 2932 inter
1631 2861 1911 2933 Acram
1977 2877 2054 2932 et
2125 2857 2459 2934 Moriam
2524 2859 2610 2933 in
2676 2859 2954 2934 vallem
3011 2857 3449 2936 Cedronem
3511 2839 3920 2939 definebat
4001 2842 4276 2941 Deua-⁸

880 2979 977 3056 de
1036 2959 1461 3087 probabilis
1515 2980 1960 3056 coniectura
2020 2998 2168 3069 est,
2245 2979 2331 3053 in
2398 2998 2617 3083 parte
2670 2995 3001 3055 extrema
3063 2981 3355 3058 boreali
3422 2984 3704 3075 Sionis,
3767 3001 3848 3060 et
3907 2986 4260 3062 occiden-

877 3103 1013 3180 tali
1064 3108 1304 3177 Acrae
1370 3131 1532 3178 non
1598 3103 2055 3210 simplicem
2083 3100 2311 3176 fuisse
2378 3129 2727 3191 murum,
2788 3101 2919 3177 sed
2985 3104 3269 3178 turrim
3319 3099 3794 3218 altissimam,
3846 3131 4032 3211 qua
4063 3105 4260 3188 urbo

883 3253 928 3301 a
997 3244 1217 3331 parte
1293 3225 1875 3331 septentrionali
1938 3224 2112 3300 aliis
2161 3221 2559 3328 praesidiis
2629 3221 2950 3329 spoliata
3031 3242 3299 3304 contra
3353 3225 3755 3344 irmentes
3818 3221 4066 3304 hostes
4125 3225 4260 3305 de-

873 3348 1088 3427 fendi
1154 3370 1415 3454 posset.
3251 3367 3258 3380 ‘
3391 3363 3396 3370 '

1075 3474 1416 3549 Probant
1479 3472 1818 3576 denique
1885 3488 2225 3546 nostram
2269 3465 2729 3545 sententiam
2783 3469 3158 3572 reliquiae
3210 3493 3618 3549 murorum
3675 3489 3768 3550 ex
3815 3474 4010 3552 saxis
4062 3501 4256 3579 qua*-

876 3594 1115 3674 dratis
1202 3594 1443 3674 mirae
1546 3590 2104 3718 magnitudinis
2186 3607 2862 3680 constructorum,
2954 3617 3148 3696 quos
3221 3617 3466 3697 prope
3546 3614 3851 3710 portam
3915 3594 4280 3672 iudicia-t

887 3718 1085 3795 riam
1169 3717 1572 3822 conspiciS‚
1646 3740 1993 3822 quosque
2052 3739 2202 3792 esse
2271 3711 2552 3824 rudera
2604 3708 2840 3787 huius
2894 3712 3169 3803 turris,
3242 3713 3654 3792 maximam
3702 3716 3864 3790 veri
3926 3718 4254 3822 speeiem

880 3839 1136 3916 liabet-

1083 3964 1232 4038 Tot
1288 3960 1537 4062 igitur
1603 3975 1981 4064 tantaque
2032 3955 2241 4032 tertii
2304 3955 2513 4033 muri
2558 3955 2882 4058 vestigia
2907 3945 3164 4031 adhuc
3229 3909 3523 4033 ostendi
3578 3975 3946 4068 possunt,
3973 3978 4123 4050 ut,
4187 3945 4254 4040 si

886 4084 1113 4162 illum
1166 4083 1316 4158 alio
1370 4082 1598 4158 modo
1650 4081 2078 4156 describere
2123 4079 2475 4168 velimus,
2528 4077 2725 4179 quid
2773 4076 2868 4151 de
2907 4078 3063 4154 'hac
3121 4076 3566 4157 ruderum
3544 4080 4006 4157 immanium
4061 4081 4256 4158 serie

884 4205 1379 4285 statuendum
1427 4207 1557 4294 sit,
1622 4205 1749 4279 vix
1819 4202 2147 4303 intelligi
2198 4201 2447 4305 possit.
2566 4202 2852 4277 Contra
2911 4199 3222 4301 vestigia
3279 4199 3519 4278 huius
3592 4201 3803 4280 muri
3871 4202 4126 4294 tertii,
4188 4200 4252 4277 si

882 4333 1045 4406 eius
1107 4330 1697 4435 descriptionem
1755 4328 1987 4406 aliam
2037 4348 2471 4429 proponere
2521 4324 2845 4398 velimus
2865 4377 2887 4412 ‚
2955 4323 3187 4428 plane
3223 4323 3630 4403 evanuisse
3671 4322 4253 4404 concedendum
4283 4306 4306 4322 ’

885 4474 1069 4531 esset
1106 4488 1127 4546 3
1168 4455 1624 4557 'fragmenta
1706 4452 1921 4526 eniin
1986 4449 2431 4540 moenium,
2489 4471 2715 4552 quae
2803 4447 3056 4550 magin-
3119 4465 3378 4548 mnus
3455 4448 4054 4556 neptenttionem
4133 4445 4253 4540 192

998 4716 1077 4792 ι)
1160 4715 1288 4781 10⁵.
1335 4714 1411 4776 de
1454 4713 1608 4778 heu.
1652 4710 1783 4779 iud.
1822 4710 1966 4789 ιη,
2032 4711 2094 4779 5,
