4694 5726
2455 428 2568 515 16

812 654 982 730 loca
1029 648 1439 753 utriusque
1486 648 1917 755 scripturae
1962 647 2123 726 buc
2167 646 2532 725 facientia
2578 672 2821 752 quam
2857 646 3434 756 diligentissime
3472 655 3780 761 collegit
3800 713 3822 748 ,
3871 656 4193 737 collecta

813 775 965 853 rite
1014 773 1426 879 disposuit,
1496 797 1639 847 neo
1685 773 1851 848 sine
1895 773 2192 876 egregia
2242 771 2641 849 doctrinae
2697 773 3040 877 artisque
3112 776 3530 877 exegeticus
3589 778 3960 857 facultate
4005 779 4194 857 illu.

813 895 1082 972 stravit
1105 951 1126 984 ,
1197 891 1328 968 sed
1375 892 1609 967 etiam
1678 893 1765 968 in
1811 894 2050 968 altera
2099 894 2566 995 quaestionis
2612 914 2834 1003 parte
2880 897 2987 972 ita
3033 917 3370 974 versatus
3413 917 3556 988 est,
3607 920 3704 976 ut
3749 902 3840 977 in
3885 902 4192 978 inve-52

809 1016 1081 1122 gaudis
1125 1013 1752 1120 explicandisque
1802 1015 2218 1091 notionum
2263 1015 2735 1095 biblicarum
2785 1016 3029 1093 initiis
3075 1036 3154 1094 et
3198 1018 3723 1111 incrementis,
3761 1046 4189 1125 earumque

809 1138 1054 1215 causis
1136 1136 1654 1243 penitioribus
1729 1135 2191 1211 extricandis
2265 1138 2660 1242 praeclara
2723 1138 3090 1219 felicioris
3157 1140 3454 1243 ingenii
3518 1143 3818 1221 lumina
3885 1141 4183 1237 ederet,

809 1284 1067 1364 neque
1116 1286 1291 1336 raro
1339 1283 1610 1336 verum
1669 1284 1807 1334 suo
1872 1257 2033 1363 ipse
2090 1256 2389 1337 videret
2450 1259 2828 1336 acumine.
2927 1259 3326 1337 Abstinuit
3381 1262 3515 1337 ille
3575 1261 3895 1363 quidem
3959 1294 4005 1342 a
4065 1292 4184 1342 re-

808 1378 1203 1458 censendis
1251 1379 1586 1453 aliorum
1629 1378 2059 1470 sententiis,
2110 1378 2456 1482 adeoque
2503 1406 2813 1458 omnem
2859 1402 3325 1489 apparatum
3370 1383 3841 1463 litterarium
3887 1415 3933 1462 a
3977 1414 4190 1469 com-

807 1503 1266 1581 mentariolo
1336 1529 1475 1578 suo
1534 1502 1788 1580 abesse
1855 1501 2174 1578 maluit.
2249 1504 2433 1580 lieet
2496 1530 2658 1582 non
2734 1530 3047 1612 prorsus
3113 1504 3591 1598 laudandus,
3653 1508 4005 1587 lectionis
4069 1529 4192 1591 ta-
4309 1560 4330 1573 ι

805 1654 989 1705 men
1034 1652 1213 1705 suae
1275 1610 1695 1733 specimina
1761 1627 2111 1731 quamvis
2174 1629 2405 1704 tacita
2471 1624 2822 1733 prodidit
2882 1624 3098 1699 baud
3166 1624 3507 1701 obscura.
3608 1629 3895 1731 Atque,
3959 1629 4177 1733 quod

805 1752 929 1831 his
977 1751 1254 1828 nostris
1302 1753 1630 1828 maxime
1680 1753 2155 1857 temporibus
2204 1749 2586 1856 imprimis
2633 1747 2865 1826 laude
2915 1746 3243 1850 dignum
3288 1746 3736 1841 videbatur,
3804 1775 3986 1844 suo,
4051 1777 4177 1830 eo-

801 1900 960 1980 que
1018 1873 1252 1947 libero
1326 1872 1623 1976 ubique
1691 1873 1983 1950 iudicio
2057 1899 2240 1951 usus
2310 1892 2466 1964 est,
2533 1870 2957 1973 eodemque
3022 1887 3281 1946 tamen
3344 1870 3906 1949 modestissimo.
4011 1874 4179 1972 Qui

800 2025 1053 2104 quum
1105 1997 1274 2074 talis
1332 2015 1557 2089 esset,
1626 1996 1971 2101 profecto
2020 2021 2249 2071 omne
2298 1995 2593 2071 tulisset
2638 2009 3054 2131 punctum,
3117 1991 3183 2067 si
3239 1991 3470 2069 modo
3505 1994 3928 2083 latinitate
3992 2020 4196 2075 usus.

799 2119 1064 2197 fuisset
1110 2117 1448 2209 castiori,
1511 2135 1747 2219 atque
1793 2116 2301 2193 barbarismos
2338 2113 2600 2195 aerius
2646 2113 2996 2206 cavisset,
3066 2114 3408 2218 itemque
3457 2116 3544 2193 in
3604 2117 3964 2220 singulis
3983 2117 4174 2196 loeis

800 2239 1278 2318 illustrandis
1350 2266 1443 2315 ex
1485 2238 1980 2345 praescripto
2060 2237 2462 2340 aliquanto
2531 2234 2796 2312 fuisset
2884 2235 3234 2340 parcior,
3318 2237 3406 2328 in
3480 2235 3906 2315 enodandis
3984 2264 4170 2316 vero

799 2363 1249 2441 notionibus
1340 2360 1834 2463 dogmaticis,
1935 2357 2517 2461 formandisque
2587 2355 3170 2433 definitionibus
3254 2356 3716 2436 scholasticis
3789 2358 4186 2463 prolixior.

797 2483 3462 2588 fusiorque·

995 2606 1303 2705 Quibus
1356 2603 1715 2682 omnibus
1763 2603 1911 2678 rite
1973 2601 2472 2705 religioseque
2532 2602 2927 2707 perpensis
2979 2564 3279 2683 censuit
3334 2600 3524 2687 ordo
3550 2655 3576 2694 ,
3635 2621 3732 2681 m
3784 2626 4184 2685 comanv-

716 2718 727 2727 ”
802 2728 1026 2819 tatio,
1092 2753 1293 2830 quae
1363 2727 1523 2831 spei
1596 2724 2019 2802 servatricis
2086 2750 2372 2801 nomen
2440 2740 2520 2797 et
2581 2750 2810 2800 omen
2875 2726 2961 2802 in
3034 2726 3290 2803 fronte
3349 2726 3586 2828 gerit,
3638 2725 3981 2866 praemio
4042 2738 4180 2805 bt·-

798 2868 1123 2927 naretur
1203 2848 1593 2941 maximo,
1675 2848 1913 2924 altera
1969 2873 2149 2924 vero
2206 2849 2295 2925 in
2351 2845 2688 2923 secundo
2757 2846 3007 2951 gradu
3083 2868 3319 2953 atque
3382 2848 3725 2953 praemio
3785 2871 3969 2932 oum
3991 2915 4000 2930 ‚
4024 2845 4188 2952 luo-3

797 2995 989 3046 nore
1033 2968 1489 3045 subsisteret.

991 3092 1215 3166 Hanc
1258 3087 1980 3165 commentationem
2029 3088 2170 3192 qui
2221 3087 2524 3194 scripsit
2540 3147 2562 3182 ,
2614 3108 2724 3167 est
2793 3092 3167 3169 PETRUS
3226 3119 3274 3167 A
3333 3094 3737 3171 BOHLEN
3751 3149 3776 3183 ,
3831 3090 4166 3196 philolo·

794 3212 962 3317 giae
1019 3211 1435 3303 studiosus,
1485 3211 2138 3313 Oldenburgicus3
2198 3211 2416 3287 illam
2459 3212 2600 3314 qui
2652 3212 2954 3316 scripsit
2973 3269 2995 3303 ,
3060 3230 3171 3291 est
3213 3215 3714 3294 ANTONIUS
3765 3211 4190 3292 ERNEST..

792 3336 1302 3427 GIESELER,
1371 3332 1790 3438 theologiae
1833 3333 2305 3436 evangelicae
2355 3332 2769 3427 studiosus,
2821 3333 3360 3440 Guestphalus.

987 3582 1084 3655 11.
1187 3578 1541 3657 onum
1616 3576 2394 3654 THEoLoGORUM
2484 3579 3267 3657 CATHOIACORUM
3289 3636 3312 3668 ‚
3386 3578 3528 3682 qui
3581 3575 3709 3658 ἓειιι
3773 3594 4160 3656 mmm

791 3720 1338 3806 argumentum
1385 3718 1888 3806 proposuerat
1932 3698 2212 3775 hocce:
2274 3713 2713 3773 »enarretur
2760 3724 2854 3772 ex
2898 3702 3089 3795 ipsis
3118 3700 3472 3794 sontibus
3489 3751 3514 3790 ,
3584 3723 3776 3794 quae
3831 3699 4190 3774 crimina.

781 3825 1061 3920 primis
1125 3823 1482 3895 ecclesiae
1528 3822 1852 3893 caecutio
1914 3821 1997 3891 in
2065 3821 2522 3916 christianos
2593 3826 3049 3896 coniecerim
3105 3823 3380 3900 Iudaea·
3430 3837 3503 3898 et
3552 3824 3866 3898 Emi
3884 3873 3909 3912 ,
3977 3820 4190 3916 quic&

668 3954 677 3965 '
793 3947 1313 4021 calumniandi
1393 3969 1664 4019 ansam
1734 3943 2074 4034 dederim
2130 3957 2213 4013 ‚et
2282 3941 2547 4040 Quibus
2612 3949 3092 4040 potissimum
3163 3947 3627 4042 argmnqntia
3692 3944 4162 4026 christianae

792 4068 1182 4164 religionis
1245 4067 1672 4161 defensores
1738 4064 2333 4140 insimulationes
2393 4068 2538 4142 lun
2600 4070 3146 4163 νρῇααρηὶηι·
3218 4097 3380 4150 m
3447 4087 3757 4151 mmm
3814 4065 4190 4146 abihu„

790 4212 902 4276 est
951 4189 4192 4266 commentatio..

987 4313 1244 4411 Quae,
1311 4337 1525 4402 cum
1566 4308 1665 4383 ob
1742 4332 1862 4382 res
1931 4249 2341 4411 diligenter
2408 4339 2459 4389 a
2535 4314 2908 4420 scriptore
2981 4313 3498 4417 conquisitas,
3565 4331 4190 4412 aneuz-namque.

791 4431 1192 4510 iudicandi
1265 4428 1806 4533 scribendique
1873 4429 2253 4506 rationem
2317 4436 2456 4512 etsi
2524 4434 2728 4512 hanc
2796 4464 2956 4512 non
3022 4437 3382 4513 omnibus
3445 4434 3818 4522 numeris
3858 4431 4190 4512 absolu-r·

793 4579 951 4648 tam
1000 4555 1239 4648 dicas,
1290 4556 1571 4633 merito
1616 4552 2009 4654 laudetur,
2082 4579 2174 4652 (μ
2238 4558 2542 4650 maiori,
2579 4583 2905 4660 Itu-mero
2978 4558 3568 4662 suffragiorum·
3595 4557 3854 4661 palm&
3917 4552 4154 4657 dign·

791 4681 1057 4759 habita
1123 4700 1253 4760 est.
3031 4733 3038 4742 -
