4694 5726
764 1076 819 1148 k
1016 1114 1119 1133 -
1268 1064 1648 1168 templum
1696 1060 2139 1137 Salomonis,

767 1196 799 1268 ἰ
909 1255 913 1260 .
1010 1234 1115 1253 -
1244 1208 1564 1296 Ῥοηαιιι
1611 1202 2129 1262 mercatorum
2175 1181 2297 1259 vel
2342 1178 2889 1257 bah—el-chalil.

768 1319 821 1389 k
1352 1346 1457 1372 ι·-
1603 1306 1881 1385 Sionis·
1900 1308 2019 1383 vel
2066 1301 2815 1380 hab-ennibi-Daud.

765 1439 801 1510 1
1285 1526 1290 1533 υ
1358 1476 1462 1495 -
1600 1430 1950 1506 stercoris
2003 1431 2123 1504 vel
2172 1425 2875 1529 hab-el-moggrebi.

766 1582 849 1632 m
1362 1596 1467 1617 -
1607 1580 1659 1631 ε.
1712 1551 2083 1657 Stephani
2130 1554 2251 1627 vel
2298 1551 2672 1626 hab-seue
2698 1548 3047 1629 Mariam

772 1705 827 1754 n
1244 1770 1249 1775 ,
1369 1719 1472 1738 —
1618 1673 1946 1751 Herodis
1992 1675 2112 1748 vel
2160 1671 2705 1771 bah-essachre.

776 1826 822 1875 ο
1365 1842 1471 1859 -
1612 1796 1969 1873 Damasci
2018 1797 2138 1872 vel
2185 1793 2734 1871 bah-el-amud.
2848 1852 2862 1869 .

764 1946 830 2020 p
1025 1965 1128 1984 —
1274 1920 1689 1995 Bezetham.

775 2068 824 2141 ‘1

777 2188 821 2236 r

780 2312 826 2360 ο

782 2423 816 2481 t

781 2555 834 2605 u

782 2679 831 2725 ν

781 2799 848 2846 a»

1020 2087 1125 2106 —
1266 2044 1548 2118 vallem
1597 2041 2133 2118 casem-iorum.

1015 2205 1121 2226 -
1255 2163 1530 2240 forum
1578 2159 1795 2264 quod
1844 2162 2138 2237 dicitur
2186 2152 2414 2234 δοκῶν
2465 2159 2718 2260 ἀγορά.

1018 2331 1124 2350 -
1266 2286 1474 2362 viam
1520 2286 1625 2361 el·
1624 2284 1899 2359 birket.

1033 2450 1136 2469 —
1327 2449 1433 2469 -
1526 2405 1973 2483 monasterii
2022 2402 2284 2508 magui
2333 2427 2809 2507 graecorum.

1029 2574 1136 2594 ....
1331 2572 1434 2591 -
1532 2529 1825 2635 templi.

1025 2693 1131 2714 -
1246 2719 1255 2727 .
1330 2693 1436 2712 -
1535 2649 2161 2725 christianorum.

1030 2816 1133 2835 —
1281 2771 1834 2849 monasterium
1935 2772 2003 2847 S.
2091 2764 2498 2845 salvatoris
2580 2766 2702 2843 vel
2791 2764 3354 2844 monachorum
3431 2769 3729 2851 ordinis
3814 2801 3871 2852 e.

1487 2892 1896 2971 Francisci.
3097 2867 3122 2884 -

587 3060 688 3078 —
788 3044 841 3091 x
1035 3062 1138 3082 --
1284 3016 1684 3124 piscinam.

583 3184 689 3205 ....
766 3163 835 3236 y
1029 3182 1132 3201 -
1277 3139 1676 3215 castellum
1723 3133 2083 3238 equitum
2130 3131 2393 3211 ordini
2439 3131 2980 3212 Ioannitarum
3025 3133 3611 3245 adscriptorum.

586 3306 692 3327 --
798 3288 846 3335 z

808 3498 835 3543 ι

1039 3306 1142 3325 -
1288 3280 1597 3368 portam
1643 3259 1993 3335 ferream.

594 3509 700 3536 ...-
1040 3509 1145 3532 -ι-
1291 3460 3956 3572 ωτοθτεωιΡειιὶ,εῙυεωωιηε.Ρεπα9ΡτοιιῐΒ.Ν.Ῑ.ΟΙι,-

1487 3588 1763 3666 mecla
1831 3585 2083 3662 erneis
2145 3600 2396 3658 morte
2474 3583 2774 3659 absumi
2841 3583 3155 3665 deberet
3175 3644 3197 3679 ‚
3270 3588 3442 3665 loco
3507 3589 3876 3695 supplicii

1481 3708 1832 3784 vicinum
1879 3706 2144 3795 fuisse,
2217 3705 2347 3781 vix
2394 3703 2741 3783 dubitari
2791 3724 3061 3812 potest.

587 3875 695 3896 --
794 3861 839 3909 2
1035 3873 1138 3896 -
1283 3832 1682 3912 castellum
1727 3856 1779 3904 s.
1830 3830 2190 3903 Helenae.

589 3996 695 4018 --
791 3961 836 4033 5
1035 3998 1138 4016 —
1282 3972 1590 4059 portam
1637 3948 2146 4026 iudiciariam.

591 4118 697 4139 -
792 4085 844 4173 4
1037 4118 1140 4137 -
1284 4076 1489 4151 viam
1537 4100 1897 4179 magnam
1940 4074 2063 4150 vel
2110 4069 2630 4148 mk-el·kel›ir.

685 4468 835 4546 sed
920 4470 1109 4547 haec
1174 4469 1566 4548 hactenus.
1710 4468 1969 4549 venio
2048 4464 2183 4543 ad
2228 4463 2694 4573 primarium
2757 4464 2996 4544 huius
3076 4465 3324 4545 libelli
3417 4466 3876 4562 consilium,

498 4589 1135 4698 quandoquidem
1220 4592 1680 4671 indicendus
1762 4592 1987 4669 nobis
2059 4607 2173 4668 est
