<?xml version="1.0" encoding="UTF-8"?>
<!DOCTYPE html PUBLIC "-//W3C//DTD XHTML 1.0 Transitional//EN"
    "http://www.w3.org/TR/xhtml1/DTD/xhtml1-transitional.dtd">
<html xmlns="http://www.w3.org/1999/xhtml" xml:lang="en" lang="en">
 <head>
  <title>
</title>
<meta http-equiv="Content-Type" content="text/html;charset=utf-8" />
  <meta name='ocr-system' content='tesseract 3.04.00' />
  <meta name='ocr-capabilities' content='ocr_page ocr_carea ocr_par ocr_line ocrx_word'/>
</head>
<body>
  <div class='ocr_page' id='page_1' title='image "./solemnianatalit00schogoog_0013.png"; bbox 0 0 4694 5726; ppageno 0'>
   <div class='ocr_carea' id='block_1_1' title="bbox 2006 420 2118 501">
    <p class='ocr_par' dir='ltr' id='par_1_1' title="bbox 2006 420 2118 501">
     <span class='ocr_line' id='line_1_1' title="bbox 2006 420 2118 501; baseline 0 0"><span class='ocrx_word' id='word_1_1' title='bbox 2006 426 2011 431; x_wconf 81' lang='grc'><strong>’</strong></span> <span class='ocrx_word' id='word_1_2' title='bbox 2067 420 2118 501; x_wconf 76' lang='grc'>9</span> 
     </span>
    </p>
   </div>
   <div class='ocr_carea' id='block_1_2' title="bbox 290 630 3830 3072">
    <p class='ocr_par' dir='ltr' id='par_1_2' title="bbox 290 630 3822 1245">
     <span class='ocr_line' id='line_1_2' title="bbox 290 630 3792 759; baseline 0.008 -60"><span class='ocrx_word' id='word_1_3' title='bbox 290 692 297 699; x_wconf 91' lang='grc'><em>.</em></span> <span class='ocrx_word' id='word_1_4' title='bbox 430 653 669 737; x_wconf 58' lang='lat' dir='ltr'><strong>mi,</strong></span> <span class='ocrx_word' id='word_1_5' title='bbox 710 646 1075 759; x_wconf 57' lang='lat' dir='ltr'><strong>Ponenda</strong></span> <span class='ocrx_word' id='word_1_6' title='bbox 1124 661 1329 724; x_wconf 83' lang='lat' dir='ltr'><strong>esset.</strong></span> <span class='ocrx_word' id='word_1_7' title='bbox 1427 630 1706 723; x_wconf 81' lang='lat' dir='ltr'><strong>Nonne</strong></span> <span class='ocrx_word' id='word_1_8' title='bbox 1753 641 2168 735; x_wconf 84' lang='lat' dir='ltr'><strong>maximam</strong></span> <span class='ocrx_word' id='word_1_9' title='bbox 2236 664 2427 746; x_wconf 87' lang='lat' dir='ltr'><strong>prae</strong></span> <span class='ocrx_word' id='word_1_10' title='bbox 2473 665 2552 718; x_wconf 83' lang='lat' dir='ltr'><strong>se</strong></span> <span class='ocrx_word' id='word_1_11' title='bbox 2610 642 2766 720; x_wconf 85' lang='lat' dir='ltr'><strong>fert</strong></span> <span class='ocrx_word' id='word_1_12' title='bbox 2808 641 2972 719; x_wconf 78' lang='lat' dir='ltr'><strong>veri</strong></span> <span class='ocrx_word' id='word_1_13' title='bbox 3019 644 3385 750; x_wconf 87' lang='lat' dir='ltr'><strong>speciem,</strong></span> <span class='ocrx_word' id='word_1_14' title='bbox 3436 645 3525 723; x_wconf 92' lang='lat' dir='ltr'><strong>in</strong></span> <span class='ocrx_word' id='word_1_15' title='bbox 3575 663 3792 728; x_wconf 85' lang='lat' dir='ltr'><strong>tanto</strong></span> 
     </span>
     <span class='ocr_line' id='line_1_3' title="bbox 424 762 3790 874; baseline -0.003 -20"><span class='ocrx_word' id='word_1_16' title='bbox 424 774 796 862; x_wconf 88' lang='lat' dir='ltr'><strong>circuitu,</strong></span> <span class='ocrx_word' id='word_1_17' title='bbox 845 786 1186 874; x_wconf 81' lang='lat' dir='ltr'><strong>quantus</strong></span> <span class='ocrx_word' id='word_1_18' title='bbox 1232 784 1343 845; x_wconf 85' lang='lat' dir='ltr'><strong>est</strong></span> <span class='ocrx_word' id='word_1_19' title='bbox 1390 765 1598 843; x_wconf 89' lang='lat' dir='ltr'><strong>inter</strong></span> <span class='ocrx_word' id='word_1_20' title='bbox 1642 762 1792 839; x_wconf 88' lang='lat' dir='ltr'><strong>hoc</strong></span> <span class='ocrx_word' id='word_1_21' title='bbox 1841 764 2239 841; x_wconf 84' lang='lat' dir='ltr'><strong>castellum</strong></span> <span class='ocrx_word' id='word_1_22' title='bbox 2284 780 2365 839; x_wconf 88' lang='lat' dir='ltr'><strong>et</strong></span> <span class='ocrx_word' id='word_1_23' title='bbox 2409 789 2665 841; x_wconf 87' lang='lat' dir='ltr'><strong>arcem</strong></span> <span class='ocrx_word' id='word_1_24' title='bbox 2710 766 3170 857; x_wconf 81' lang='lat' dir='ltr'><strong>Antoniam,</strong></span> <span class='ocrx_word' id='word_1_25' title='bbox 3222 767 3452 844; x_wconf 82' lang='lat' dir='ltr'><strong>fuisse</strong></span> <span class='ocrx_word' id='word_1_26' title='bbox 3504 771 3790 856; x_wconf 84' lang='lat' dir='ltr'><strong>turrim</strong></span> 
     </span>
     <span class='ocr_line' id='line_1_4' title="bbox 420 887 3794 1003; baseline -0.001 -32"><span class='ocrx_word' id='word_1_27' title='bbox 420 898 621 1003; x_wconf 75' lang='lat' dir='ltr'><strong>(qna</strong></span> <span class='ocrx_word' id='word_1_28' title='bbox 678 896 970 977; x_wconf 86' lang='lat' dir='ltr'><strong>scilicet</strong></span> <span class='ocrx_word' id='word_1_29' title='bbox 1026 892 1217 968; x_wconf 81' lang='lat' dir='ltr'><strong>urbs</strong></span> <span class='ocrx_word' id='word_1_30' title='bbox 1261 916 1306 964; x_wconf 89' lang='lat' dir='ltr'><strong>a</strong></span> <span class='ocrx_word' id='word_1_31' title='bbox 1356 906 1578 994; x_wconf 89' lang='lat' dir='ltr'><strong>parte</strong></span> <span class='ocrx_word' id='word_1_32' title='bbox 1636 887 2219 991; x_wconf 73' lang='lat' dir='ltr'><strong>septentrionali</strong></span> <span class='ocrx_word' id='word_1_33' title='bbox 2287 888 2966 993; x_wconf 78' lang='lat' dir='ltr'><strong>praemuniretur)</strong></span> <span class='ocrx_word' id='word_1_34' title='bbox 3014 890 3378 996; x_wconf 86' lang='lat' dir='ltr'><strong>hippicae</strong></span> <span class='ocrx_word' id='word_1_35' title='bbox 3436 892 3794 971; x_wconf 85' lang='lat' dir='ltr'><strong>mariam·</strong></span> 
     </span>
     <span class='ocr_line' id='line_1_5' title="bbox 421 1006 3793 1122; baseline -0.001 -28"><span class='ocrx_word' id='word_1_36' title='bbox 421 1045 568 1111; x_wconf 80' lang='lat' dir='ltr'><strong>nae</strong></span> <span class='ocrx_word' id='word_1_37' title='bbox 613 1036 693 1094; x_wconf 91' lang='lat' dir='ltr'><strong>et</strong></span> <span class='ocrx_word' id='word_1_38' title='bbox 740 1015 1098 1122; x_wconf 75' lang='lat' dir='ltr'>phasaelo</span> <span class='ocrx_word' id='word_1_39' title='bbox 1143 1011 1520 1089; x_wconf 73' lang='lat' dir='ltr'><strong>similem?</strong></span> <span class='ocrx_word' id='word_1_40' title='bbox 1616 1006 1861 1106; x_wconf 83' lang='lat' dir='ltr'><strong>Quod</strong></span> <span class='ocrx_word' id='word_1_41' title='bbox 1917 1032 2099 1087; x_wconf 80' lang='lat' dir='ltr'><strong>vero</strong></span> <span class='ocrx_word' id='word_1_42' title='bbox 2166 1012 2626 1117; x_wconf 82' lang='lat' dir='ltr'><strong>neutiquam</strong></span> <span class='ocrx_word' id='word_1_43' title='bbox 2685 1013 3002 1090; x_wconf 88' lang='lat' dir='ltr'><strong>concedi</strong></span> <span class='ocrx_word' id='word_1_44' title='bbox 3061 1032 3342 1118; x_wconf 66' lang='lat' dir='ltr'><strong>poaeet‚</strong></span> <span class='ocrx_word' id='word_1_45' title='bbox 3419 1015 3482 1090; x_wconf 88' lang='lat' dir='ltr'><strong>si</strong></span> <span class='ocrx_word' id='word_1_46' title='bbox 3533 1016 3793 1094; x_wconf 86' lang='lat' dir='ltr'><strong>castel-</strong></span> 
     </span>
     <span class='ocr_line' id='line_1_6' title="bbox 419 1129 3822 1245; baseline -0.002 -29"><span class='ocrx_word' id='word_1_47' title='bbox 419 1145 589 1221; x_wconf 74' lang='lat' dir='ltr'><strong>lum</strong></span> <span class='ocrx_word' id='word_1_48' title='bbox 654 1140 1014 1245; x_wconf 84' lang='lat' dir='ltr'><strong>pisanum</strong></span> <span class='ocrx_word' id='word_1_49' title='bbox 1059 1135 1248 1212; x_wconf 91' lang='lat' dir='ltr'><strong>olim</strong></span> <span class='ocrx_word' id='word_1_50' title='bbox 1296 1132 1535 1209; x_wconf 84' lang='lat' dir='ltr'><strong>turris</strong></span> <span class='ocrx_word' id='word_1_51' title='bbox 1582 1129 1957 1237; x_wconf 72' lang='lat' dir='ltr'><strong>psephina</strong></span> <span class='ocrx_word' id='word_1_52' title='bbox 2015 1133 2297 1215; x_wconf 69' lang='lat' dir='ltr'><strong>fuisset.</strong></span> <span class='ocrx_word' id='word_1_53' title='bbox 3813 1196 3822 1209; x_wconf 88' lang='lat'>‚</span> 
     </span>
    </p>

    <p class='ocr_par' dir='ltr' id='par_1_3' title="bbox 406 1244 3830 2195">
     <span class='ocr_line' id='line_1_7' title="bbox 615 1244 3830 1363; baseline -0.001 -24"><span class='ocrx_word' id='word_1_54' title='bbox 615 1264 941 1351; x_wconf 82' lang='lat' dir='ltr'><strong>Contra,</strong></span> <span class='ocrx_word' id='word_1_55' title='bbox 1029 1256 1291 1335; x_wconf 89' lang='lat' dir='ltr'><strong>omnia</strong></span> <span class='ocrx_word' id='word_1_56' title='bbox 1362 1255 1562 1330; x_wconf 88' lang='lat' dir='ltr'><strong>bene</strong></span> <span class='ocrx_word' id='word_1_57' title='bbox 1622 1253 2072 1342; x_wconf 78' lang='lat' dir='ltr'><strong>cohaerent,</strong></span> <span class='ocrx_word' id='word_1_58' title='bbox 2140 1254 2205 1330; x_wconf 87' lang='lat' dir='ltr'><strong>si</strong></span> <span class='ocrx_word' id='word_1_59' title='bbox 2266 1244 2717 1347; x_wconf 74' lang='lat' dir='ltr'><strong>statuamus,</strong></span> <span class='ocrx_word' id='word_1_60' title='bbox 2772 1255 3058 1332; x_wconf 87' lang='lat' dir='ltr'><strong>turrim</strong></span> <span class='ocrx_word' id='word_1_61' title='bbox 3104 1256 3502 1363; x_wconf 89' lang='lat' dir='ltr'><strong>hippicam</strong></span> <span class='ocrx_word' id='word_1_62' title='bbox 3564 1257 3830 1336; x_wconf 79' lang='lat' dir='ltr'><strong>fuisse-</strong></span> 
     </span>
     <span class='ocr_line' id='line_1_8' title="bbox 414 1376 3787 1482; baseline -0.001 -20"><span class='ocrx_word' id='word_1_63' title='bbox 414 1408 507 1462; x_wconf 87' lang='lat' dir='ltr'><strong>eo</strong></span> <span class='ocrx_word' id='word_1_64' title='bbox 555 1382 644 1461; x_wconf 91' lang='lat' dir='ltr'><strong>in</strong></span> <span class='ocrx_word' id='word_1_65' title='bbox 690 1385 859 1460; x_wconf 88' lang='lat' dir='ltr'><strong>loco</strong></span> <span class='ocrx_word' id='word_1_66' title='bbox 883 1438 906 1473; x_wconf 89' lang='lat'><strong>,</strong></span> <span class='ocrx_word' id='word_1_67' title='bbox 976 1381 1063 1458; x_wconf 92' lang='lat' dir='ltr'><strong>in</strong></span> <span class='ocrx_word' id='word_1_68' title='bbox 1133 1405 1292 1482; x_wconf 86' lang='lat' dir='ltr'><strong>quo</strong></span> <span class='ocrx_word' id='word_1_69' title='bbox 1344 1396 1457 1454; x_wconf 87' lang='lat' dir='ltr'><strong>est</strong></span> <span class='ocrx_word' id='word_1_70' title='bbox 1501 1376 1899 1455; x_wconf 81' lang='lat' dir='ltr'><strong>castellum</strong></span> <span class='ocrx_word' id='word_1_71' title='bbox 1950 1394 2255 1481; x_wconf 85' lang='lat' dir='ltr'><strong>portae,</strong></span> <span class='ocrx_word' id='word_1_72' title='bbox 2322 1404 2527 1481; x_wconf 81' lang='lat' dir='ltr'><strong>quae</strong></span> <span class='ocrx_word' id='word_1_73' title='bbox 2592 1405 2808 1456; x_wconf 85' lang='lat' dir='ltr'><strong>nnnc</strong></span> <span class='ocrx_word' id='word_1_74' title='bbox 2870 1380 3396 1461; x_wconf 83' lang='lat' dir='ltr'><strong>hab-el-chalil</strong></span> <span class='ocrx_word' id='word_1_75' title='bbox 3458 1381 3787 1473; x_wconf 88' lang='lat' dir='ltr'><strong>dicitur,</strong></span> 
     </span>
     <span class='ocr_line' id='line_1_9' title="bbox 412 1500 3816 1613; baseline -0.002 -26"><span class='ocrx_word' id='word_1_76' title='bbox 412 1508 603 1586; x_wconf 85' lang='lat' dir='ltr'><strong>olim</strong></span> <span class='ocrx_word' id='word_1_77' title='bbox 679 1514 950 1612; x_wconf 73' lang='lat' dir='ltr'><strong>portae</strong></span> <span class='ocrx_word' id='word_1_78' title='bbox 1030 1503 1361 1613; x_wconf 80' lang='lat' dir='ltr'><strong>piscium</strong></span> <span class='ocrx_word' id='word_1_79' title='bbox 1431 1503 1552 1577; x_wconf 82' lang='lat' dir='ltr'><strong>vel</strong></span> <span class='ocrx_word' id='word_1_80' title='bbox 1623 1500 2189 1603; x_wconf 80' lang='lat' dir='ltr'><strong>negotiatorum</strong></span> <span class='ocrx_word' id='word_1_81' title='bbox 2282 1526 2570 1577; x_wconf 86' lang='lat' dir='ltr'><strong>nomen</strong></span> <span class='ocrx_word' id='word_1_82' title='bbox 2658 1501 2952 1578; x_wconf 87' lang='lat' dir='ltr'><strong>habuit·</strong></span> <span class='ocrx_word' id='word_1_83' title='bbox 2971 1560 2992 1593; x_wconf 97' lang='lat'><strong>,</strong></span> <span class='ocrx_word' id='word_1_84' title='bbox 3079 1503 3428 1579; x_wconf 83' lang='lat' dir='ltr'><strong>vicinum</strong></span> <span class='ocrx_word' id='word_1_85' title='bbox 3470 1561 3490 1595; x_wconf 94' lang='lat'><strong>,</strong></span> <span class='ocrx_word' id='word_1_86' title='bbox 3569 1500 3816 1607; x_wconf 86' lang='lat' dir='ltr'><strong>quod-</strong></span> 
     </span>
     <span class='ocr_line' id='line_1_10' title="bbox 412 1621 3789 1723; baseline -0.002 -15"><span class='ocrx_word' id='word_1_87' title='bbox 412 1631 772 1707; x_wconf 82' lang='lat' dir='ltr'><strong>Israelitis</strong></span> <span class='ocrx_word' id='word_1_88' title='bbox 818 1625 899 1723; x_wconf 83' lang='lat' dir='ltr'><strong>d)</strong></span> <span class='ocrx_word' id='word_1_89' title='bbox 921 1686 942 1720; x_wconf 93' lang='lat'><strong><em>‚</em></strong></span> <span class='ocrx_word' id='word_1_90' title='bbox 1005 1623 1563 1711; x_wconf 76' lang='lat' dir='ltr'><strong>Macedonibus</strong></span> <span class='ocrx_word' id='word_1_91' title='bbox 1580 1681 1601 1715; x_wconf 92' lang='lat'><strong><em>‚</em></strong></span> <span class='ocrx_word' id='word_1_92' title='bbox 1674 1622 2070 1712; x_wconf 86' lang='lat' dir='ltr'><strong>Romanis,</strong></span> <span class='ocrx_word' id='word_1_93' title='bbox 2158 1621 2471 1697; x_wconf 86' lang='lat' dir='ltr'><strong>Graecis</strong></span> <span class='ocrx_word' id='word_1_94' title='bbox 2492 1677 2514 1713; x_wconf 94' lang='lat'><strong>,</strong></span> <span class='ocrx_word' id='word_1_95' title='bbox 2594 1623 3014 1715; x_wconf 80' lang='lat' dir='ltr'><strong>Arabibus,</strong></span> <span class='ocrx_word' id='word_1_96' title='bbox 3085 1625 3466 1701; x_wconf 71' lang='lat' dir='ltr'><strong>militibus</strong></span> <span class='ocrx_word' id='word_1_97' title='bbox 3515 1626 3602 1702; x_wconf 92' lang='lat' dir='ltr'><strong>in</strong></span> <span class='ocrx_word' id='word_1_98' title='bbox 3665 1651 3789 1701; x_wconf 77' lang='lat' dir='ltr'><strong>ex-</strong></span> 
     </span>
     <span class='ocr_line' id='line_1_11' title="bbox 410 1744 3783 1859; baseline -0.001 -33"><span class='ocrx_word' id='word_1_99' title='bbox 410 1751 806 1859; x_wconf 80' lang='lat' dir='ltr'><strong>peditione</strong></span> <span class='ocrx_word' id='word_1_100' title='bbox 851 1776 1093 1841; x_wconf 84' lang='lat' dir='ltr'><strong>sacra,</strong></span> <span class='ocrx_word' id='word_1_101' title='bbox 1143 1745 1471 1837; x_wconf 84' lang='lat' dir='ltr'><strong>Pisanis,</strong></span> <span class='ocrx_word' id='word_1_102' title='bbox 1520 1744 1947 1846; x_wconf 85' lang='lat' dir='ltr'><strong>Turcisque</strong></span> <span class='ocrx_word' id='word_1_103' title='bbox 1995 1745 2675 1848; x_wconf 80' lang='lat' dir='ltr'><strong>propugnaculum</strong></span> <span class='ocrx_word' id='word_1_104' title='bbox 2722 1744 2952 1823; x_wconf 83' lang='lat' dir='ltr'><strong>fuisse</strong></span> <span class='ocrx_word' id='word_1_105' title='bbox 3000 1765 3331 1835; x_wconf 81' lang='lat' dir='ltr'><strong>constat,</strong></span> <span class='ocrx_word' id='word_1_106' title='bbox 3383 1745 3783 1851; x_wconf 82' lang='lat' dir='ltr'><strong>quodque,</strong></span> 
     </span>
     <span class='ocr_line' id='line_1_12' title="bbox 409 1850 3787 1975; baseline 0 -29"><span class='ocrx_word' id='word_1_107' title='bbox 409 1871 791 1975; x_wconf 80' lang='lat' dir='ltr'><strong>quoniam</strong></span> <span class='ocrx_word' id='word_1_108' title='bbox 866 1869 1035 1945; x_wconf 74' lang='lat' dir='ltr'><strong>viae</strong></span> <span class='ocrx_word' id='word_1_109' title='bbox 1103 1866 1463 1972; x_wconf 86' lang='lat' dir='ltr'><strong>publicae</strong></span> <span class='ocrx_word' id='word_1_110' title='bbox 1540 1863 1892 1940; x_wconf 87' lang='lat' dir='ltr'><strong>omnium</strong></span> <span class='ocrx_word' id='word_1_111' title='bbox 1967 1862 2631 1971; x_wconf 54' lang='lat' dir='ltr'><strong>frequentissimae</strong></span> <span class='ocrx_word' id='word_1_112' title='bbox 2691 1865 2793 1944; x_wconf 84' lang='lat' dir='ltr'><strong>ad</strong></span> <span class='ocrx_word' id='word_1_113' title='bbox 2853 1893 3066 1944; x_wconf 88' lang='lat' dir='ltr'><strong>mare</strong></span> <span class='ocrx_word' id='word_1_114' title='bbox 3134 1850 3787 1947; x_wconf 87' lang='lat' dir='ltr'><strong>mediterraneum</strong></span> 
     </span>
     <span class='ocr_line' id='line_1_13' title="bbox 406 1986 3785 2098; baseline 0.001 -31"><span class='ocrx_word' id='word_1_115' title='bbox 406 1989 725 2069; x_wconf 85' lang='lat' dir='ltr'><strong>ducenti</strong></span> <span class='ocrx_word' id='word_1_116' title='bbox 796 2009 1032 2093; x_wconf 84' lang='lat' dir='ltr'><strong>atque</strong></span> <span class='ocrx_word' id='word_1_117' title='bbox 1093 1988 1277 2066; x_wconf 75' lang='lat' dir='ltr'><strong>valli</strong></span> <span class='ocrx_word' id='word_1_118' title='bbox 1342 1986 1721 2093; x_wconf 88' lang='lat' dir='ltr'><strong>Rephaim</strong></span> <span class='ocrx_word' id='word_1_119' title='bbox 1786 1987 2046 2064; x_wconf 83' lang='lat' dir='ltr'><strong>minus</strong></span> <span class='ocrx_word' id='word_1_120' title='bbox 2107 1989 2546 2095; x_wconf 85' lang='lat' dir='ltr'><strong>profundae</strong></span> <span class='ocrx_word' id='word_1_121' title='bbox 2622 1991 3050 2069; x_wconf 83' lang='lat' dir='ltr'><strong>finitimum</strong></span> <span class='ocrx_word' id='word_1_122' title='bbox 3115 2010 3283 2069; x_wconf 86' lang='lat' dir='ltr'><strong>erat</strong></span> <span class='ocrx_word' id='word_1_123' title='bbox 3305 2049 3329 2083; x_wconf 93' lang='lat'><strong>,</strong></span> <span class='ocrx_word' id='word_1_124' title='bbox 3399 1992 3487 2068; x_wconf 90' lang='lat' dir='ltr'><strong>in</strong></span> <span class='ocrx_word' id='word_1_125' title='bbox 3567 2017 3785 2098; x_wconf 86' lang='lat' dir='ltr'><strong>prae-</strong></span> 
     </span>
     <span class='ocr_line' id='line_1_14' title="bbox 411 2108 2543 2195; baseline -0.002 -2"><span class='ocrx_word' id='word_1_126' title='bbox 411 2113 700 2195; x_wconf 84' lang='lat' dir='ltr'><strong>sidium</strong></span> <span class='ocrx_word' id='word_1_127' title='bbox 747 2114 966 2193; x_wconf 88' lang='lat' dir='ltr'><strong>urbis</strong></span> <span class='ocrx_word' id='word_1_128' title='bbox 1014 2111 1344 2191; x_wconf 81' lang='lat' dir='ltr'><strong>maxime</strong></span> <span class='ocrx_word' id='word_1_129' title='bbox 1394 2110 1906 2188; x_wconf 86' lang='lat' dir='ltr'><strong>necessarium</strong></span> <span class='ocrx_word' id='word_1_130' title='bbox 1953 2109 2201 2188; x_wconf 75' lang='lat' dir='ltr'><strong>videri</strong></span> <span class='ocrx_word' id='word_1_131' title='bbox 2250 2108 2543 2189; x_wconf 87' lang='lat' dir='ltr'><strong>debuit.</strong></span> 
     </span>
    </p>

    <p class='ocr_par' dir='ltr' id='par_1_4' title="bbox 398 2229 3814 2943">
     <span class='ocr_line' id='line_1_15' title="bbox 596 2229 3780 2344; baseline -0 -32"><span class='ocrx_word' id='word_1_132' title='bbox 596 2236 773 2313; x_wconf 82' lang='lat' dir='ltr'><strong>Non</strong></span> <span class='ocrx_word' id='word_1_133' title='bbox 821 2231 1107 2327; x_wconf 76' lang='lat' dir='ltr'><strong>desunt,</strong></span> <span class='ocrx_word' id='word_1_134' title='bbox 1143 2230 1453 2335; x_wconf 75' lang='lat' dir='ltr'><strong>vestigia</strong></span> <span class='ocrx_word' id='word_1_135' title='bbox 1502 2229 1712 2306; x_wconf 89' lang='lat' dir='ltr'><strong>muri</strong></span> <span class='ocrx_word' id='word_1_136' title='bbox 1733 2287 1756 2321; x_wconf 92' lang='lat'><strong>,</strong></span> <span class='ocrx_word' id='word_1_137' title='bbox 1825 2230 1965 2333; x_wconf 86' lang='lat' dir='ltr'><strong>qui</strong></span> <span class='ocrx_word' id='word_1_138' title='bbox 2016 2251 2185 2308; x_wconf 87' lang='lat' dir='ltr'><strong>erat</strong></span> <span class='ocrx_word' id='word_1_139' title='bbox 2245 2231 2455 2311; x_wconf 81' lang='lat' dir='ltr'><strong>inter</strong></span> <span class='ocrx_word' id='word_1_140' title='bbox 2520 2235 2805 2311; x_wconf 88' lang='lat' dir='ltr'><strong>turrim</strong></span> <span class='ocrx_word' id='word_1_141' title='bbox 2871 2235 3270 2344; x_wconf 88' lang='lat' dir='ltr'><strong>hippicam</strong></span> <span class='ocrx_word' id='word_1_142' title='bbox 3330 2253 3412 2312; x_wconf 88' lang='lat' dir='ltr'><strong>et</strong></span> <span class='ocrx_word' id='word_1_143' title='bbox 3477 2234 3780 2342; x_wconf 85' lang='lat' dir='ltr'><strong>psephi-</strong></span> 
     </span>
     <span class='ocr_line' id='line_1_16' title="bbox 403 2352 3781 2462; baseline -0 -28"><span class='ocrx_word' id='word_1_144' title='bbox 403 2382 605 2434; x_wconf 83' lang='lat' dir='ltr'><strong>nam.</strong></span> <span class='ocrx_word' id='word_1_145' title='bbox 703 2360 803 2431; x_wconf 91' lang='lat' dir='ltr'><strong>In</strong></span> <span class='ocrx_word' id='word_1_146' title='bbox 849 2354 1079 2433; x_wconf 82' lang='lat' dir='ltr'><strong>horto</strong></span> <span class='ocrx_word' id='word_1_147' title='bbox 1141 2352 1355 2429; x_wconf 91' lang='lat' dir='ltr'><strong>enim</strong></span> <span class='ocrx_word' id='word_1_148' title='bbox 1422 2370 1692 2456; x_wconf 87' lang='lat' dir='ltr'><strong>portae</strong></span> <span class='ocrx_word' id='word_1_149' title='bbox 1751 2352 2083 2457; x_wconf 88' lang='lat' dir='ltr'><strong>piscium</strong></span> <span class='ocrx_word' id='word_1_150' title='bbox 2142 2355 2402 2433; x_wconf 82' lang='lat' dir='ltr'><strong>vicino</strong></span> <span class='ocrx_word' id='word_1_151' title='bbox 2428 2415 2450 2448; x_wconf 95' lang='lat'><strong>,</strong></span> <span class='ocrx_word' id='word_1_152' title='bbox 2525 2356 2614 2433; x_wconf 90' lang='lat' dir='ltr'><strong>in</strong></span> <span class='ocrx_word' id='word_1_153' title='bbox 2672 2384 2832 2459; x_wconf 86' lang='lat' dir='ltr'><strong>quo</strong></span> <span class='ocrx_word' id='word_1_154' title='bbox 2897 2358 3154 2435; x_wconf 80' lang='lat' dir='ltr'><strong>forsan</strong></span> <span class='ocrx_word' id='word_1_155' title='bbox 3227 2358 3520 2462; x_wconf 86' lang='lat' dir='ltr'><strong>piscina</strong></span> <span class='ocrx_word' id='word_1_156' title='bbox 3586 2357 3781 2449; x_wconf 83' lang='lat' dir='ltr'><strong>fuit,</strong></span> 
     </span>
     <span class='ocr_line' id='line_1_17' title="bbox 401 2473 3781 2585; baseline -0.001 -29"><span class='ocrx_word' id='word_1_157' title='bbox 401 2477 994 2583; x_wconf 82' lang='lat' dir='ltr'><strong>conspiciuntur</strong></span> <span class='ocrx_word' id='word_1_158' title='bbox 1042 2473 1368 2566; x_wconf 86' lang='lat' dir='ltr'><strong>rudera,</strong></span> <span class='ocrx_word' id='word_1_159' title='bbox 1422 2499 1625 2576; x_wconf 82' lang='lat' dir='ltr'><strong>quae</strong></span> <span class='ocrx_word' id='word_1_160' title='bbox 1672 2498 1854 2553; x_wconf 85' lang='lat' dir='ltr'><strong>cum</strong></span> <span class='ocrx_word' id='word_1_161' title='bbox 1902 2498 2092 2548; x_wconf 87' lang='lat' dir='ltr'><strong>arcu</strong></span> <span class='ocrx_word' id='word_1_162' title='bbox 2142 2474 2323 2567; x_wconf 92' lang='lat' dir='ltr'><strong>illo,</strong></span> <span class='ocrx_word' id='word_1_163' title='bbox 2378 2475 2519 2552; x_wconf 81' lang='lat' dir='ltr'><strong>ubi</strong></span> <span class='ocrx_word' id='word_1_164' title='bbox 2568 2502 2663 2552; x_wconf 86' lang='lat' dir='ltr'><strong>ex</strong></span> <span class='ocrx_word' id='word_1_165' title='bbox 2710 2479 2878 2553; x_wconf 89' lang='lat' dir='ltr'><strong>loco</strong></span> <span class='ocrx_word' id='word_1_166' title='bbox 2929 2477 3381 2584; x_wconf 85' lang='lat' dir='ltr'><strong>depressiori</strong></span> <span class='ocrx_word' id='word_1_167' title='bbox 3429 2503 3573 2585; x_wconf 89' lang='lat' dir='ltr'><strong>per</strong></span> <span class='ocrx_word' id='word_1_168' title='bbox 3623 2504 3781 2556; x_wconf 87' lang='lat' dir='ltr'><strong>sca·</strong></span> 
     </span>
     <span class='ocr_line' id='line_1_18' title="bbox 398 2591 3781 2703; baseline 0.001 -27"><span class='ocrx_word' id='word_1_169' title='bbox 398 2598 515 2676; x_wconf 81' lang='lat' dir='ltr'><strong>las</strong></span> <span class='ocrx_word' id='word_1_170' title='bbox 574 2599 662 2675; x_wconf 92' lang='lat' dir='ltr'><strong>in</strong></span> <span class='ocrx_word' id='word_1_171' title='bbox 724 2617 1070 2693; x_wconf 78' lang='lat' dir='ltr'><strong>montem</strong></span> <span class='ocrx_word' id='word_1_172' title='bbox 1128 2595 1395 2672; x_wconf 90' lang='lat' dir='ltr'><strong>Gihon</strong></span> <span class='ocrx_word' id='word_1_173' title='bbox 1462 2591 1946 2686; x_wconf 83' lang='lat' dir='ltr'><strong>ascenditur,</strong></span> <span class='ocrx_word' id='word_1_174' title='bbox 2032 2594 2468 2673; x_wconf 82' lang='lat' dir='ltr'><strong>cohaerent.</strong></span> <span class='ocrx_word' id='word_1_175' title='bbox 2596 2599 3011 2676; x_wconf 81' lang='lat' dir='ltr'><strong>Castellum</strong></span> <span class='ocrx_word' id='word_1_176' title='bbox 3074 2600 3432 2703; x_wconf 85' lang='lat' dir='ltr'><strong>equitum</strong></span> <span class='ocrx_word' id='word_1_177' title='bbox 3519 2599 3781 2679; x_wconf 91' lang='lat' dir='ltr'><strong>ordini</strong></span> 
     </span>
     <span class='ocr_line' id='line_1_19' title="bbox 398 2714 3814 2854; baseline 0.001 -57"><span class='ocrx_word' id='word_1_178' title='bbox 398 2718 943 2803; x_wconf 79' lang='lat' dir='ltr'><strong>loannitarum</strong></span> <span class='ocrx_word' id='word_1_179' title='bbox 1033 2715 1652 2854; x_wconf 85' lang='lat' dir='ltr'><strong>adscriptorum,</strong></span> <span class='ocrx_word' id='word_1_180' title='bbox 1755 2714 2161 2791; x_wconf 82' lang='lat' dir='ltr'><strong>moenibus</strong></span> <span class='ocrx_word' id='word_1_181' title='bbox 2234 2715 2786 2821; x_wconf 80' lang='lat' dir='ltr'><strong>antiquissimis</strong></span> <span class='ocrx_word' id='word_1_182' title='bbox 2861 2738 3481 2824; x_wconf 80' lang='lat' dir='ltr'><strong>superstructum</strong></span> <span class='ocrx_word' id='word_1_183' title='bbox 3549 2722 3814 2801; x_wconf 79' lang='lat' dir='ltr'><strong>fuisse-</strong></span> 
     </span>
     <span class='ocr_line' id='line_1_20' title="bbox 399 2833 1823 2943; baseline -0.01 -22"><span class='ocrx_word' id='word_1_184' title='bbox 399 2839 560 2920; x_wconf 77' lang='lat' dir='ltr'><strong>iam</strong></span> <span class='ocrx_word' id='word_1_185' title='bbox 608 2839 696 2916; x_wconf 90' lang='lat' dir='ltr'><strong>in</strong></span> <span class='ocrx_word' id='word_1_186' title='bbox 746 2837 1148 2916; x_wconf 72' lang='lat' dir='ltr'><strong>itinerario</strong></span> <span class='ocrx_word' id='word_1_187' title='bbox 1197 2835 1683 2943; x_wconf 78' lang='lat' dir='ltr'><strong>exposuimus</strong></span> <span class='ocrx_word' id='word_1_188' title='bbox 1729 2833 1823 2932; x_wconf 82' lang='lat' dir='ltr'><strong>e).</strong></span> 
     </span>
    </p>

    <p class='ocr_par' dir='ltr' id='par_1_5' title="bbox 594 2957 3767 3072">
     <span class='ocr_line' id='line_1_21' title="bbox 594 2957 3767 3072; baseline -0.001 -26"><span class='ocrx_word' id='word_1_189' title='bbox 594 2969 804 3056; x_wconf 78' lang='lat' dir='ltr'><strong>Huic</strong></span> <span class='ocrx_word' id='word_1_190' title='bbox 851 2968 1188 3046; x_wconf 87' lang='lat' dir='ltr'><strong>confinia</strong></span> <span class='ocrx_word' id='word_1_191' title='bbox 1236 2985 1424 3044; x_wconf 83' lang='lat' dir='ltr'><strong>sunt</strong></span> <span class='ocrx_word' id='word_1_192' title='bbox 1468 2964 1752 3042; x_wconf 85' lang='lat' dir='ltr'><strong>rudera</strong></span> <span class='ocrx_word' id='word_1_193' title='bbox 1800 2957 2124 3041; x_wconf 88' lang='lat' dir='ltr'><strong>carceris</strong></span> <span class='ocrx_word' id='word_1_194' title='bbox 2169 2984 2223 3038; x_wconf 84' lang='lat' dir='ltr'><strong>s.</strong></span> <span class='ocrx_word' id='word_1_195' title='bbox 2280 2960 2529 3054; x_wconf 90' lang='lat' dir='ltr'><strong>Petri,</strong></span> <span class='ocrx_word' id='word_1_196' title='bbox 2581 2962 2668 3039; x_wconf 92' lang='lat' dir='ltr'><strong>in</strong></span> <span class='ocrx_word' id='word_1_197' title='bbox 2714 2986 2952 3065; x_wconf 83' lang='lat' dir='ltr'><strong>quem</strong></span> <span class='ocrx_word' id='word_1_198' title='bbox 3002 2963 3343 3043; x_wconf 86' lang='lat' dir='ltr'><strong>Herodes</strong></span> <span class='ocrx_word' id='word_1_199' title='bbox 3385 2966 3767 3072; x_wconf 77' lang='lat' dir='ltr'><strong>Agrippa,</strong></span> 
     </span>
    </p>
   </div>
   <div class='ocr_carea' id='block_1_3' title="bbox 390 3084 3806 3314">
    <p class='ocr_par' dir='ltr' id='par_1_6' title="bbox 390 3084 3806 3314">
     <span class='ocr_line' id='line_1_22' title="bbox 395 3084 3806 3194; baseline -0.003 -25"><span class='ocrx_word' id='word_1_200' title='bbox 395 3089 803 3170; x_wconf 81' lang='lat' dir='ltr'><strong>interfecto</strong></span> <span class='ocrx_word' id='word_1_201' title='bbox 856 3116 908 3167; x_wconf 91' lang='lat' dir='ltr'><strong>s.</strong></span> <span class='ocrx_word' id='word_1_202' title='bbox 960 3090 1238 3167; x_wconf 85' lang='lat' dir='ltr'><strong>Iacobo</strong></span> <span class='ocrx_word' id='word_1_203' title='bbox 1286 3088 1562 3166; x_wconf 91' lang='lat' dir='ltr'><strong>maiori</strong></span> <span class='ocrx_word' id='word_1_204' title='bbox 1580 3146 1603 3180; x_wconf 94' lang='lat'><strong>,</strong></span> <span class='ocrx_word' id='word_1_205' title='bbox 1664 3086 2217 3194; x_wconf 83' lang='lat' dir='ltr'><strong>apostolorum.</strong></span> <span class='ocrx_word' id='word_1_206' title='bbox 2250 3084 2691 3191; x_wconf 86' lang='lat' dir='ltr'><strong>principem</strong></span> <span class='ocrx_word' id='word_1_207' title='bbox 2771 3084 3139 3177; x_wconf 88' lang='lat' dir='ltr'><strong>coniecit,</strong></span> <span class='ocrx_word' id='word_1_208' title='bbox 3189 3108 3285 3165; x_wconf 86' lang='lat' dir='ltr'><strong>ut</strong></span> <span class='ocrx_word' id='word_1_209' title='bbox 3328 3114 3511 3164; x_wconf 89' lang='lat' dir='ltr'><strong>eum</strong></span> <span class='ocrx_word' id='word_1_210' title='bbox 3559 3089 3806 3166; x_wconf 85' lang='lat' dir='ltr'><strong>cruci.</strong></span> 
     </span>
     <span class='ocr_line' id='line_1_23' title="bbox 390 3195 3777 3314; baseline 0 -26"><span class='ocrx_word' id='word_1_211' title='bbox 390 3211 784 3314; x_wconf 80' lang='lat' dir='ltr'><strong>suffigeret</strong></span> <span class='ocrx_word' id='word_1_212' title='bbox 829 3210 1133 3288; x_wconf 88' lang='lat' dir='ltr'><strong>Iudaeis</strong></span> <span class='ocrx_word' id='word_1_213' title='bbox 1180 3237 1348 3288; x_wconf 86' lang='lat' dir='ltr'><strong>rem</strong></span> <span class='ocrx_word' id='word_1_214' title='bbox 1393 3229 1691 3314; x_wconf 78' lang='lat' dir='ltr'><strong>gratam</strong></span> <span class='ocrx_word' id='word_1_215' title='bbox 1753 3195 2145 3287; x_wconf 50' lang='lat' dir='ltr'><strong>facturus(</strong></span> <span class='ocrx_word' id='word_1_216' title='bbox 2218 3209 2456 3285; x_wconf 89' lang='lat' dir='ltr'><strong>Hunc</strong></span> <span class='ocrx_word' id='word_1_217' title='bbox 2531 3208 2760 3285; x_wconf 83' lang='lat' dir='ltr'><strong>fuisse</strong></span> <span class='ocrx_word' id='word_1_218' title='bbox 2829 3226 3044 3286; x_wconf 83' lang='lat' dir='ltr'><strong>extra</strong></span> <span class='ocrx_word' id='word_1_219' title='bbox 3110 3210 3421 3302; x_wconf 84' lang='lat' dir='ltr'><strong>urbem,</strong></span> <span class='ocrx_word' id='word_1_220' title='bbox 3487 3209 3623 3290; x_wconf 87' lang='lat' dir='ltr'><strong>sed</strong></span> <span class='ocrx_word' id='word_1_221' title='bbox 3689 3212 3777 3289; x_wconf 92' lang='lat' dir='ltr'><strong>in</strong></span> 
     </span>
    </p>
   </div>
   <div class='ocr_carea' id='block_1_4' title="bbox 384 3327 3808 4053">
    <p class='ocr_par' dir='ltr' id='par_1_7' title="bbox 384 3327 3808 3808">
     <span class='ocr_line' id='line_1_24' title="bbox 392 3327 3804 3439; baseline -0.002 -30"><span class='ocrx_word' id='word_1_222' title='bbox 392 3334 697 3410; x_wconf 83' lang='lat' dir='ltr'><strong>ambitu</strong></span> <span class='ocrx_word' id='word_1_223' title='bbox 749 3334 999 3426; x_wconf 89' lang='lat' dir='ltr'><strong>muri,</strong></span> <span class='ocrx_word' id='word_1_224' title='bbox 1049 3361 1143 3411; x_wconf 80' lang='lat' dir='ltr'><strong>ex</strong></span> <span class='ocrx_word' id='word_1_225' title='bbox 1187 3336 1350 3410; x_wconf 84' lang='lat' dir='ltr'><strong>Act.</strong></span> <span class='ocrx_word' id='word_1_226' title='bbox 1414 3361 1536 3425; x_wconf 79' lang='lat'><strong>12,</strong></span> <span class='ocrx_word' id='word_1_227' title='bbox 1599 3359 1686 3409; x_wconf 78' lang='lat' dir='ltr'><strong>io</strong></span> <span class='ocrx_word' id='word_1_228' title='bbox 1732 3327 2093 3439; x_wconf 82' lang='lat' dir='ltr'><strong>patetf).</strong></span> <span class='ocrx_word' id='word_1_229' title='bbox 2193 3331 2425 3407; x_wconf 86' lang='lat' dir='ltr'><strong>Porta</strong></span> <span class='ocrx_word' id='word_1_230' title='bbox 2494 3330 2707 3406; x_wconf 91' lang='lat' dir='ltr'><strong>enim</strong></span> <span class='ocrx_word' id='word_1_231' title='bbox 2776 3331 2910 3407; x_wconf 91' lang='lat' dir='ltr'><strong>illa</strong></span> <span class='ocrx_word' id='word_1_232' title='bbox 2977 3331 3268 3424; x_wconf 83' lang='lat' dir='ltr'><strong>ferrea,</strong></span> <span class='ocrx_word' id='word_1_233' title='bbox 3342 3332 3430 3407; x_wconf 91' lang='lat' dir='ltr'><strong>in</strong></span> <span class='ocrx_word' id='word_1_234' title='bbox 3496 3332 3804 3411; x_wconf 85' lang='lat' dir='ltr'><strong>urbem.</strong></span> 
     </span>
     <span class='ocr_line' id='line_1_25' title="bbox 391 3448 3768 3560; baseline -0.001 -24"><span class='ocrx_word' id='word_1_235' title='bbox 391 3452 681 3546; x_wconf 76' lang='lat' dir='ltr'><strong>ducens</strong></span> <span class='ocrx_word' id='word_1_236' title='bbox 708 3512 730 3547; x_wconf 91' lang='lat'><strong>,</strong></span> <span class='ocrx_word' id='word_1_237' title='bbox 804 3474 885 3532; x_wconf 88' lang='lat' dir='ltr'><strong>et</strong></span> <span class='ocrx_word' id='word_1_238' title='bbox 950 3455 1155 3531; x_wconf 85' lang='lat' dir='ltr'><strong>turri</strong></span> <span class='ocrx_word' id='word_1_239' title='bbox 1226 3454 1539 3532; x_wconf 78' lang='lat' dir='ltr'><strong>cuidam</strong></span> <span class='ocrx_word' id='word_1_240' title='bbox 1601 3453 1958 3560; x_wconf 81' lang='lat' dir='ltr'><strong>angulari</strong></span> <span class='ocrx_word' id='word_1_241' title='bbox 2034 3448 2341 3549; x_wconf 82' lang='lat' dir='ltr'><strong>(turres</strong></span> <span class='ocrx_word' id='word_1_242' title='bbox 2420 3450 2795 3532; x_wconf 88' lang='lat' dir='ltr'><strong>eiusmodi</strong></span> <span class='ocrx_word' id='word_1_243' title='bbox 2867 3454 3273 3557; x_wconf 79' lang='lat' dir='ltr'><strong>angulares</strong></span> <span class='ocrx_word' id='word_1_244' title='bbox 3346 3457 3768 3560; x_wconf 80' lang='lat' dir='ltr'><strong>nonaginta</strong></span> 
     </span>
     <span class='ocr_line' id='line_1_26' title="bbox 391 3573 3808 3680; baseline 0.001 -25"><span class='ocrx_word' id='word_1_245' title='bbox 391 3578 481 3656; x_wconf 91' lang='lat' dir='ltr'><strong>in</strong></span> <span class='ocrx_word' id='word_1_246' title='bbox 516 3601 776 3658; x_wconf 82' lang='lat' dir='ltr'><strong>.muro</strong></span> <span class='ocrx_word' id='word_1_247' title='bbox 830 3577 1057 3656; x_wconf 85' lang='lat' dir='ltr'><strong>tertio</strong></span> <span class='ocrx_word' id='word_1_248' title='bbox 1106 3577 1336 3655; x_wconf 74' lang='lat' dir='ltr'><strong>fuisoe</strong></span> <span class='ocrx_word' id='word_1_249' title='bbox 1374 3576 1468 3678; x_wconf 77' lang='lat' dir='ltr'><strong>g)</strong></span> <span class='ocrx_word' id='word_1_250' title='bbox 1512 3576 1835 3674; x_wconf 82' lang='lat' dir='ltr'><strong>scimus)</strong></span> <span class='ocrx_word' id='word_1_251' title='bbox 1882 3595 1962 3656; x_wconf 88' lang='lat' dir='ltr'><strong>et</strong></span> <span class='ocrx_word' id='word_1_252' title='bbox 2009 3573 2435 3666; x_wconf 84' lang='lat' dir='ltr'><strong>custodiae,</strong></span> <span class='ocrx_word' id='word_1_253' title='bbox 2494 3575 2583 3652; x_wconf 90' lang='lat' dir='ltr'><strong>in</strong></span> <span class='ocrx_word' id='word_1_254' title='bbox 2643 3601 2803 3680; x_wconf 77' lang='lat' dir='ltr'><strong>qua</strong></span> <span class='ocrx_word' id='word_1_255' title='bbox 2859 3599 2913 3652; x_wconf 90' lang='lat' dir='ltr'><strong>s.</strong></span> <span class='ocrx_word' id='word_1_256' title='bbox 2975 3577 3250 3652; x_wconf 90' lang='lat' dir='ltr'><strong>Petrus</strong></span> <span class='ocrx_word' id='word_1_257' title='bbox 3311 3577 3808 3671; x_wconf 75' lang='lat' dir='ltr'><strong>tenebatur„</strong></span> 
     </span>
     <span class='ocr_line' id='line_1_27' title="bbox 384 3698 2342 3808; baseline -0.002 -30"><span class='ocrx_word' id='word_1_258' title='bbox 384 3701 556 3786; x_wconf 52' lang='lat'><strong>‘1000</strong></span> <span class='ocrx_word' id='word_1_259' title='bbox 601 3702 968 3808; x_wconf 80' lang='lat' dir='ltr'><strong>supplicii</strong></span> <span class='ocrx_word' id='word_1_260' title='bbox 1016 3701 1315 3778; x_wconf 82' lang='lat' dir='ltr'><strong>vicinae</strong></span> <span class='ocrx_word' id='word_1_261' title='bbox 1402 3703 1671 3779; x_wconf 84' lang='lat' dir='ltr'><strong>iuncta</strong></span> <span class='ocrx_word' id='word_1_262' title='bbox 1736 3702 1967 3778; x_wconf 82' lang='lat' dir='ltr'><strong>fuisse</strong></span> <span class='ocrx_word' id='word_1_263' title='bbox 2012 3698 2342 3776; x_wconf 82' lang='lat' dir='ltr'><strong>videtur.</strong></span> 
     </span>
    </p>

    <p class='ocr_par' dir='ltr' id='par_1_8' title="bbox 387 3817 3769 4053">
     <span class='ocr_line' id='line_1_28' title="bbox 589 3817 3769 3931; baseline 0.001 -33"><span class='ocrx_word' id='word_1_264' title='bbox 589 3825 790 3900; x_wconf 87' lang='lat' dir='ltr'><strong>Sunt</strong></span> <span class='ocrx_word' id='word_1_265' title='bbox 834 3825 1070 3900; x_wconf 86' lang='lat' dir='ltr'><strong>etiam</strong></span> <span class='ocrx_word' id='word_1_266' title='bbox 1127 3843 1393 3930; x_wconf 88' lang='lat' dir='ltr'><strong>aperta</strong></span> <span class='ocrx_word' id='word_1_267' title='bbox 1449 3824 1657 3900; x_wconf 87' lang='lat' dir='ltr'><strong>muri</strong></span> <span class='ocrx_word' id='word_1_268' title='bbox 1729 3823 1939 3900; x_wconf 85' lang='lat' dir='ltr'><strong>tertii</strong></span> <span class='ocrx_word' id='word_1_269' title='bbox 1991 3820 2303 3925; x_wconf 72' lang='lat' dir='ltr'><strong>vestigia</strong></span> <span class='ocrx_word' id='word_1_270' title='bbox 2364 3818 2453 3900; x_wconf 80' lang='lat' dir='ltr'><strong>in</strong></span> <span class='ocrx_word' id='word_1_271' title='bbox 2517 3817 2908 3927; x_wconf 75' lang='lat' dir='ltr'><strong>emporia,</strong></span> <span class='ocrx_word' id='word_1_272' title='bbox 2975 3818 3192 3927; x_wconf 84' lang='lat' dir='ltr'><strong>quod</strong></span> <span class='ocrx_word' id='word_1_273' title='bbox 3265 3840 3376 3901; x_wconf 79' lang='lat' dir='ltr'><strong>est</strong></span> <span class='ocrx_word' id='word_1_274' title='bbox 3437 3849 3482 3900; x_wconf 84' lang='lat' dir='ltr'><strong>a</strong></span> <span class='ocrx_word' id='word_1_275' title='bbox 3546 3840 3769 3931; x_wconf 77' lang='lat' dir='ltr'><strong>parte</strong></span> 
     </span>
     <span class='ocr_line' id='line_1_29' title="bbox 387 3939 2870 4053; baseline 0 -33"><span class='ocrx_word' id='word_1_276' title='bbox 387 3939 751 4032; x_wconf 74' lang='lat' dir='ltr'><strong>orientali</strong></span> <span class='ocrx_word' id='word_1_277' title='bbox 792 3944 1171 4022; x_wconf 80' lang='lat' dir='ltr'><strong>ecclesiae</strong></span> <span class='ocrx_word' id='word_1_278' title='bbox 1213 3944 1662 4024; x_wconf 78' lang='lat' dir='ltr'><strong>sanctissimi</strong></span> <span class='ocrx_word' id='word_1_279' title='bbox 1710 3944 2067 4053; x_wconf 84' lang='lat' dir='ltr'><strong>sepulcri.</strong></span> <span class='ocrx_word' id='word_1_280' title='bbox 2865 3993 2870 3998; x_wconf 97' lang='lat'>-</span> 
     </span>
    </p>
   </div>
   <div class='ocr_carea' id='block_1_5' title="bbox 438 4200 3857 4674">
    <p class='ocr_par' dir='ltr' id='par_1_9' title="bbox 508 4200 2312 4288">
     <span class='ocr_line' id='line_1_30' title="bbox 508 4200 2312 4288; baseline 0.003 -24"><span class='ocrx_word' id='word_1_281' title='bbox 508 4200 581 4286; x_wconf 78' lang='lat' dir='ltr'><strong>d)</strong></span> <span class='ocrx_word' id='word_1_282' title='bbox 663 4200 837 4274; x_wconf 76' lang='lat' dir='ltr'><strong>idem</strong></span> <span class='ocrx_word' id='word_1_283' title='bbox 880 4221 1019 4268; x_wconf 75' lang='lat' dir='ltr'><strong>esse</strong></span> <span class='ocrx_word' id='word_1_284' title='bbox 1061 4202 1353 4284; x_wconf 81' lang='lat' dir='ltr'><strong>videtur,</strong></span> <span class='ocrx_word' id='word_1_285' title='bbox 1396 4204 1572 4288; x_wconf 83' lang='lat' dir='ltr'><strong>qnod</strong></span> <span class='ocrx_word' id='word_1_286' title='bbox 1613 4204 1778 4275; x_wconf 73' lang='lat' dir='ltr'><strong>Neh.</strong></span> <span class='ocrx_word' id='word_1_287' title='bbox 1820 4206 1861 4270; x_wconf 74' lang='lat'>3</span> <span class='ocrx_word' id='word_1_288' title='bbox 1902 4211 2312 4274; x_wconf 74' lang='lat' dir='ltr'><strong>memoratur.</strong></span> 
     </span>
    </p>

    <p class='ocr_par' dir='ltr' id='par_1_10' title="bbox 438 4334 3857 4674">
     <span class='ocr_line' id='line_1_31' title="bbox 486 4334 2059 4422; baseline 0.004 -23"><span class='ocrx_word' id='word_1_289' title='bbox 486 4337 565 4414; x_wconf 67' lang='lat' dir='ltr'><strong>e)</strong></span> <span class='ocrx_word' id='word_1_290' title='bbox 643 4336 705 4401; x_wconf 79' lang='lat' dir='ltr'><strong>J.</strong></span> <span class='ocrx_word' id='word_1_291' title='bbox 740 4334 831 4400; x_wconf 64' lang='grc' dir='ltr'><strong>Π.</strong></span> <span class='ocrx_word' id='word_1_292' title='bbox 873 4334 951 4403; x_wconf 82' lang='grc' dir='ltr'><strong>Δ.</strong></span> <span class='ocrx_word' id='word_1_293' title='bbox 990 4334 1231 4399; x_wconf 74' lang='grc' dir='ltr'><strong>8ο1ιο1ι</strong></span> <span class='ocrx_word' id='word_1_294' title='bbox 1270 4335 1464 4401; x_wconf 78' lang='lat' dir='ltr'><strong>Reise</strong></span> <span class='ocrx_word' id='word_1_295' title='bbox 1510 4335 1765 4422; x_wconf 54' lang='lat' dir='ltr'><strong>pass.</strong></span> <span class='ocrx_word' id='word_1_296' title='bbox 1806 4345 1873 4402; x_wconf 88' lang='lat' dir='ltr'><strong>et</strong></span> <span class='ocrx_word' id='word_1_297' title='bbox 1922 4336 2059 4422; x_wconf 84' lang='lat'><strong>169.</strong></span> 
     </span>
     <span class='ocr_line' id='line_1_32' title="bbox 438 4456 3857 4557; baseline 0.004 -32"><span class='ocrx_word' id='word_1_298' title='bbox 438 4459 569 4548; x_wconf 58' lang='lat' dir='ltr'><strong>-fi</strong></span> <span class='ocrx_word' id='word_1_299' title='bbox 646 4461 1030 4541; x_wconf 65' lang='grc' dir='ltr'><strong>ὶιιλθόηις</strong></span> <span class='ocrx_word' id='word_1_300' title='bbox 1073 4463 1249 4543; x_wconf 79' lang='lat' dir='ltr'><strong>(scil.</strong></span> <span class='ocrx_word' id='word_1_301' title='bbox 1293 4465 1563 4552; x_wconf 74' lang='lat' dir='ltr'><strong>angelus</strong></span> <span class='ocrx_word' id='word_1_302' title='bbox 1621 4473 1689 4533; x_wconf 84' lang='lat' dir='ltr'><strong>et</strong></span> <span class='ocrx_word' id='word_1_303' title='bbox 1727 4488 1779 4536; x_wconf 85' lang='lat' dir='ltr'><strong>s.</strong></span> <span class='ocrx_word' id='word_1_304' title='bbox 1819 4466 2090 4550; x_wconf 77' lang='lat' dir='ltr'><strong>Petrus)</strong></span> <span class='ocrx_word' id='word_1_305' title='bbox 2129 4467 2203 4533; x_wconf 68' lang='grc' dir='ltr'><strong>ὃὸ</strong></span> <span class='ocrx_word' id='word_1_306' title='bbox 2260 4468 2531 4554; x_wconf 54' lang='lat' dir='ltr'><strong>asphar</strong></span> <span class='ocrx_word' id='word_1_307' title='bbox 2588 4467 2890 4557; x_wconf 63' lang='grc' dir='ltr'><strong>φυλακὴν</strong></span> <span class='ocrx_word' id='word_1_308' title='bbox 2945 4469 3064 4533; x_wconf 71' lang='grc' dir='ltr'><strong>καὶ</strong></span> <span class='ocrx_word' id='word_1_309' title='bbox 3125 4456 3489 4554; x_wconf 58' lang='grc' dir='ltr'><strong>δεῦτ’-ἐραν,</strong></span> <span class='ocrx_word' id='word_1_310' title='bbox 3544 4466 3758 4545; x_wconf 66' lang='grc' dir='ltr'><strong>ἦλθον</strong></span> <span class='ocrx_word' id='word_1_311' title='bbox 3841 4482 3857 4492; x_wconf 84' lang='grc'><em>“</em></span> 
     </span>
     <span class='ocr_line' id='line_1_33' title="bbox 626 4577 2893 4674; baseline 0.001 -18"><span class='ocrx_word' id='word_1_312' title='bbox 626 4577 740 4642; x_wconf 64' lang='lat'><strong>2²2</strong></span> <span class='ocrx_word' id='word_1_313' title='bbox 779 4577 902 4656; x_wconf 72' lang='grc' dir='ltr'><strong>τὴν</strong></span> <span class='ocrx_word' id='word_1_314' title='bbox 937 4579 1152 4658; x_wconf 66' lang='grc' dir='ltr'><strong><em>πύλην</em></strong></span> <span class='ocrx_word' id='word_1_315' title='bbox 1192 4581 1317 4657; x_wconf 69' lang='grc' dir='ltr'><strong>τὴν</strong></span> <span class='ocrx_word' id='word_1_316' title='bbox 1354 4582 1633 4668; x_wconf 69' lang='grc' dir='ltr'><strong>σιδηρᾶν</strong></span> <span class='ocrx_word' id='word_1_317' title='bbox 1652 4626 1677 4660; x_wconf 75' lang='grc'><em>,</em></span> <span class='ocrx_word' id='word_1_318' title='bbox 1734 4584 1861 4660; x_wconf 70' lang='grc' dir='ltr'><strong>τὴν</strong></span> <span class='ocrx_word' id='word_1_319' title='bbox 1901 4584 2243 4674; x_wconf 68' lang='grc' dir='ltr'><strong>φέρουσαν</strong></span> <span class='ocrx_word' id='word_1_320' title='bbox 2282 4585 2372 4663; x_wconf 67' lang='grc' dir='ltr'><strong>εἰς</strong></span> <span class='ocrx_word' id='word_1_321' title='bbox 2407 4585 2533 4660; x_wconf 63' lang='grc' dir='ltr'><strong>τὴν</strong></span> <span class='ocrx_word' id='word_1_322' title='bbox 2573 4584 2777 4651; x_wconf 67' lang='grc' dir='ltr'><strong><em>πόλιν</em></strong></span> <span class='ocrx_word' id='word_1_323' title='bbox 2825 4584 2893 4658; x_wconf 61' lang='grc' dir='ltr'><strong>,λι</strong></span> 
     </span>
    </p>
   </div>
   <div class='ocr_carea' id='block_1_6' title="bbox 510 4706 2899 4897">
    <p class='ocr_par' dir='ltr' id='par_1_11' title="bbox 510 4706 2899 4897">
     <span class='ocr_line' id='line_1_34' title="bbox 510 4706 1837 4796; baseline 0.008 -27"><span class='ocrx_word' id='word_1_324' title='bbox 510 4709 575 4788; x_wconf 64' lang='grc' dir='ltr'><strong>ς)</strong></span> <span class='ocrx_word' id='word_1_325' title='bbox 659 4706 910 4776; x_wconf 72' lang='grc' dir='ltr'><strong>Ιοε.ἆο</strong></span> <span class='ocrx_word' id='word_1_326' title='bbox 947 4708 1106 4776; x_wconf 74' lang='lat' dir='ltr'><strong>hen.</strong></span> <span class='ocrx_word' id='word_1_327' title='bbox 1145 4710 1281 4776; x_wconf 81' lang='lat' dir='ltr'><strong>iud.</strong></span> <span class='ocrx_word' id='word_1_328' title='bbox 1323 4712 1529 4793; x_wconf 73' lang='lat' dir='ltr'><strong>v‚4.</strong></span> <span class='ocrx_word' id='word_1_329' title='bbox 1571 4714 1622 4796; x_wconf 68' lang='grc' dir='ltr'><strong>ς.</strong></span> <span class='ocrx_word' id='word_1_330' title='bbox 1664 4714 1724 4786; x_wconf 73' lang='grc'><strong>5..</strong></span> <span class='ocrx_word' id='word_1_331' title='bbox 1826 4713 1837 4724; x_wconf 85' lang='grc'><strong>’</strong></span> 
     </span>
     <span class='ocr_line' id='line_1_35' title="bbox 2853 4849 2899 4897; baseline 0 0"><span class='ocrx_word' id='word_1_332' title='bbox 2853 4849 2899 4897; x_wconf 78' lang='lat'>2</span> 
     </span>
    </p>
   </div>
  </div>
 </body>
</html>
