4694 5726
2361 323 2476 408 20

745 561 1026 621 natura
1107 561 1180 618 et
1271 548 1558 619 indoles
1644 545 2111 620 Motenabln‘i
2176 561 2453 642 poetae
2539 545 2888 619 Arabum
2976 526 3436 620 'celeberrimi
3534 552 4110 631 describeretur.

744 670 981 744 Cuius
1029 669 1493 771 quaestionis
1571 667 1984 744 difficultas
2056 696 2305 771 quum
2375 686 2586 744 tanta
2652 689 2878 761 esset,
2947 691 3040 746 ut
3100 672 3380 746 multos
3440 673 3538 757 ab
3599 674 3942 780 incepto
3982 680 4112 756 de-

745 807 1035 868 terrere·
1078 813 1358 896 posset,
1412 793 1695 897 Ordini
1747 821 1907 867 non
1971 794 2308 896 speranti
2377 791 2810 896 perfectum
2859 790 3056 890 quid
3119 810 3428 894 gratum
3492 793 3773 902 accidit
3809 854 3829 887 ,
3881 798 4099 901 quod

740 942 898 990 una
967 916 1505 1019 commentatio
1571 915 1819 990 verbis
1882 915 2401 1018 Schakspearii
2452 915 2831 1018 insignita.

1242 1064 1273 1096 υ
1303 1036 1457 1103 The
1502 1048 1715 1128 poets
1765 1057 1895 1125 eye
1945 1036 2026 1105 in
2078 1061 2130 1105 a
2156 1035 2323 1127 fine
2356 1037 2640 1130 srenzy
2690 1037 2966 1128 rolling

1218 1155 1433 1225 Dotlz
1475 1159 1744 1248 glauce
1776 1157 1995 1247 from
2043 1156 2330 1228 heaven
2376 1157 2502 1226 tho
2555 1160 2803 1249 earth,
2854 1160 3070 1250 from
3117 1158 3335 1228 ear'th
3382 1159 3510 1228 tho
3563 1160 3894 1234 heaven«

733 1273 833 1368 et}
887 1278 1133 1351 multa
1183 1274 1413 1378 digna
1465 1277 1697 1355 laude
1726 1277 2183 1352 -certaminis
2230 1305 2453 1354 causa
2503 1281 2788 1355 tradita
2837 1300 3018 1356 erat.
3134 1284 3548 1357 Auctorem
3609 1282 3844 1358 huius
3910 1310 4114 1361 com-

735 1400 1260 1475 mentationis:
1329 1429 1577 1501 qu-um
1658 1426 1922 1476 rerum
2003 1401 2330 1475 maxime
2410 1404 3003 1478 necessariarum
3082 1403 3460 1477 rationem
3530 1381 3691 1476 non
3777 1403 4105 1495 habens,

727 1524 1086 1626 pluribus
1135 1523 1234 1597 ad
1285 1550 1445 1598 rem
1497 1522 2029 1627 explicandam
2078 1525 2335 1600 minus
2384 1528 2582 1631 aptis
2653 1528 3059 1615 maiorem,
3135 1553 3378 1627 quam
3444 1552 3589 1628 par
3651 1544 3852 1615 erat,
3915 1552 4108 1630 ope-

731 1672 901 1717 ram
972 1644 1234 1719 dicans
1301 1666 1379 1721 et
1428 1648 1513 1718 in
1564 1646 1881 1747 singulis
1962 1645 2360 1720 interdum
2414 1646 2875 1748 negligentia
2943 1647 3287 1719 multum
3349 1644 3858 1753 vituperanda
3929 1672 4111 1723 usus

722 1791 892 1863 rem
941 1766 1042 1839 ad
1090 1767 1325 1839 finem
1375 1795 1534 1842 non
1584 1768 1779 1841 bene
1831 1766 2315 1870 perduxerit,
2398 1792 2558 1839 non
2611 1784 2856 1868 potest
2924 1791 3084 1838 non
3155 1762 3367 1839 Ordo
3437 1788 3784 1854 monere,
3855 1788 3953 1838 ne
4021 1765 4108 1841 in

729 1906 1122 1992 posterum
1209 1889 1676 1990 negligentia
1757 1889 2153 1991 nimiaque
2231 1888 2718 1964 festinatione
2811 1886 3113 1960 fructus
3188 1885 3426 1960 studii
3511 1885 4106 1988 diligentiaeque

719 2013 1042 2087 amittat.
1144 2012 1290 2086 Sed
1337 2039 1494 2124 quo
1544 2029 1653 2087 est
1700 2037 1877 2113 erga
1931 2012 2239 2087 iuvenes
2286 2011 2546 2087 doctos
2593 2030 2671 2086 et
2721 2008 3124 2110 diligentes
3171 2006 3430 2081 animo
3483 2027 3806 2110 paterno
3860 2034 4096 2111 prop-

631 2202 641 2211 .
722 2153 844 2209 ter
907 2135 1152 2208 multa
1220 2133 1307 2208 in
1375 2135 1520 2207 hac
1588 2134 2233 2209 commentatione
2301 2130 2728 2221 laudanda,
2806 2155 2898 2203 ex
2958 2131 3245 2267 quibus
3293 2147 3591 2202 natura
3659 2147 3738 2203 et
3810 2128 4105 2205 indoles

718 2253 959 2327 huius
1019 2272 1288 2389 poetae
1354 2254 1835 2353 cognoscitur
1856 2311 1875 2343 ,
1965 2272 2057 2328 ut
2112 2253 2477 2328 excitaret
2541 2270 3008 2356 augeretque
3075 2251 3369 2327 animos
3392 2306 3412 2339 ,
3484 2248 3842 2323 unanimi
3919 2277 4096 2325 con-

720 2399 941 2449 sensu
994 2374 1428 2511 praemium
1490 2376 1788 2450 auctori
1839 2374 2269 2448 adiudicari
2321 2374 2679 2450 decrevit·

919 2495 1335 2569 Primam
1358 2495 2081 2570 commentationem
2168 2496 2308 2597 qui
2394 2497 2697 2597 scripsit
2781 2514 2892 2571 est
2959 2494 3530 2570 GUILELMUS
3603 2495 4095 2570 HENRICUS

721 2620 915 2696 GRA
928 2588 1209 2707 UERT,
1273 2618 1742 2755 Philologiae
1788 2617 2218 2707 Studiosus,
2298 2617 2930 2693 Monasteriensis.

916 2739 1385 2830 Secundam,
1457 2739 1597 2841 qui
1648 2739 1986 2843 scripsit,
2039 2759 2149 2814 est
2231 2738 2799 2814 GUILELMUS
2883 2720 3416 2821 HERMANN,
3469 2731 3782 2808 Mathes.
3834 2730 4084 2821 stud

722 2863 1209 2940 Coloniensis.

915 2985 1256 3059 Tertiam
1319 2985 1459 3086 qui
1535 2984 1885 3089 scripsit,
1956 3000 2066 3058 est
2135 2982 2508 3057 PETRUS
2568 3007 2612 3054 A
2664 2979 3102 3068 BOHLEN,
3155 2905 3624 3081 Philologiae
3693 2888 4090 3053 studiosus

724 3130 817 3180 ex
861 3111 1093 3182 lever.
1278 3129 1285 3134 ·

917 3229 1307 3330 Superest,
1375 3245 1468 3301 ut
1515 3227 2109 3328 promulgentur
2157 3222 2637 3327 quaestiones
2684 3221 2770 3296 in
2817 3245 3117 3296 annum
3163 3217 3606 3321 proximum
3662 3216 4008 3319 asinguli
4047 3240 4083 3290 s

726 3346 1132 3426 ordinibus
1182 3348 1681 3422 constitutae:

1062 3548 1427 3641 ORDO
1542 3546 2535 3640 THEOLOGORUM
2647 3527 3763 3644 EVANGELICORUM

732 3712 1125 3816 duplicem
1171 3711 1541 3815 proponit
1589 3711 2157 3813 quaestionem:

928 3840 985 3909 I.
1089 3834 1546 3931 Quaeritur,
1620 3851 1792 3908 tum
1840 3834 2307 3935 quibusnam
2360 3833 2445 3907 in
2494 3830 2679 3906 locis
2727 3828 3080 3905 doctrina
3143 3828 3239 3903 de
3303 3845 3614 3903 aeterna
3684 3822 4096 3929 praedesti-

687 4028 704 4038 ,
737 3955 1051 4030 natione
1123 3972 1203 4028 et
1274 3953 1645 4028 electione
1707 3953 1899 4042 Dei,
1967 3979 2205 4055 quam
2270 3952 2642 4056 proponit
2709 3950 3044 4027 formula
3109 3947 3603 4038 concordiae,
3676 3943 3985 4021 differat
4047 3973 4095 4019 a

734 4077 1036 4182 placitis
1097 4076 1395 4152 Calvini
1415 4134 1435 4167 ,
1538 4094 1710 4151 tum
1785 4094 2098 4167 autem,
2186 4102 2527 4179 quanam
2605 4072 2904 4150 ratione
2977 4073 3075 4148 ab
3167 4069 3484 4174 Aegidio
3557 4067 3883 4145 Hunnio
3957 4067 4096 4174 illa

738 4199 1055 4276 uberius
1096 4216 1400 4303 coepta
1468 4198 1568 4273 sit
1633 4197 2072 4302 explicari?
3300 4251 3304 4258 .

934 4324 1028 4395 Π.
1127 4321 1248 4395 De
1294 4319 1698 4398 authentia
1764 4318 2135 4423 evangelii
2199 4317 2572 4396 Matthaei
2593 4372 2613 4407 ,
2687 4342 2845 4419 quo
2908 4315 3081 4393 iure
3129 4336 3385 4419 nuper
3429 4311 3518 4388 in
3578 4277 3922 4387 dubium
3973 4335 4100 4385 vo-

740 4458 906 4517 cata
950 4441 1054 4526 sit
1087 4442 1123 4514 ἲ

938 4561 1361 4669 Utriusque
1400 4559 1870 4670 quaestionis
1911 4559 2280 4644 solutioni
2329 4535 2766 4666 praemium
2810 4559 2894 4636 L·
2939 4554 3244 4636 Thalet-
3313 4571 3426 4635 est
3496 4550 3983 4648 destinatum·
