4694 5726
92 0 152 325 ···-“·····‡

2149 432 2247 523 ¹¹.

524 654 999 743 occidentem
1054 622 1207 737 wei.
1276 651 1683 735 menatem
1742 650 2388 757 oompiciuntur,
2452 651 2974 741 meantium
3061 649 3436 729 domuum
3529 652 3904 756 reliquiae

521 797 705 857 κιαι
772 779 870 876 ι’).
2132 844 2141 859 .

2088 963 2157 1058 S.
2259 966 2326 1041 6.

721 1148 960 1233 Exiis
989 1174 1190 1251 quae
1229 1147 1327 1220 de
1352 1144 1660 1221 ambitu
1686 1143 2272 1249 septentrionali
2307 1143 2557 1220 Sionis
2593 1163 2671 1220 et
2707 1149 2950 1220 Acrae
2977 1145 3503 1250 exposuimus,
3559 1166 3672 1223 sat
3702 1149 3906 1224 clare

526 1288 773 1376 patet,
823 1297 1181 1371 magnam
1231 1267 1451 1341 urbis
1502 1263 1923 1340 hodiernae
1973 1282 2275 1366 partem
2324 1265 2542 1342 illam
2565 1322 2587 1356 ,
2636 1292 2839 1368 quae
2888 1284 2999 1342 est
3046 1268 3253 1341 inter
3319 1294 3669 1343 occasum
3733 1270 3910 1345 solis

528 1413 608 1469 et
652 1392 1289 1497 septentrionem,
1357 1390 1545 1466 olim
1594 1408 1808 1463 extra
1857 1388 2076 1464 urbis
2124 1386 2437 1464 moenia
2479 1386 2707 1464 fuisse
2756 1390 3017 1478 sitam,
3081 1407 3315 1492 atque
3365 1389 3525 1464 huc
3574 1389 3905 1466 referen-

526 1511 733 1587 dam·
773 1537 924 1589 esse
971 1510 1207 1587 etiam
1256 1510 1644 1613 regionem
1695 1532 1868 1585 eam
1898 1565 1923 1599 ‚
1987 1508 2075 1583 in
2124 1536 2280 1612 qua
2328 1510 2471 1587 sita
2522 1528 2636 1586 est
2681 1511 3129 1595 sanctissimi
3185 1511 3516 1617 sepulcri
3568 1513 3897 1589 ecclesia.

526 1632 744 1710 Nihil
798 1633 1040 1737 igitur
1088 1633 1377 1721 obstat,
1426 1630 1847 1734 quominus
1893 1628 2355 1707 sententiam
2372 1636 2425 1721 ,⁸
2446 1657 2685 1735 quam
2711 1629 3188 1707 christianos
3233 1657 3532 1735 semper
3585 1626 3911 1708 tenuisse

527 1754 623 1833 de
674 1742 1099 1858 Golgotliae
1161 1775 1243 1830 et
1297 1753 1748 1831 sanctissimi
1809 1751 2144 1861 sepulcri
2194 1750 2351 1826 situ
2403 1769 2700 1827 constat
2724 1808 2746 1840 ‚
2799 1752 3379 1855 amplectamur.
3479 1752 3901 1857 Scriptores

524 1864 846 1983 quidem
906 1879 1349 1968 christiani,
1410 1876 1552 1981 qui
1616 1876 1712 1953 de
1782 1896 1985 1952 terra
2049 1894 2309 1953 sancta
2379 1892 2816 1951 tractarunt
2842 1931 2866 1965 ,
2943 1873 3105 1951 fere
3182 1900 3444 1950 omnes
3511 1875 3905 1969 referunt:

528 2000 1031 2104 Golgotham‚
1081 2002 1186 2077 in.
1231 2028 1387 2105 qua
1438 2000 1823 2076 Dominus
1854 2002 2126 2076 Noster
2191 1999 2408 2074 cruci
2457 1998 2776 2075 suffixus
2840 1997 2979 2089 sit,
3053 2025 3099 2073 a
3165 2018 3388 2103 parte
3439 1999 3658 2074 urbis
3719 1999 3914 2074 occi:-

525 2110 854 2233 dentali‚
925 2121 1028 2196 ad
1074 2122 1679 2226 septentrionem
1727 2120 2012 2196 montis
2058 2121 2307 2196 Sionis
2354 2119 2443 2216 α)
2491 2138 2704 2196 extra
2755 2147 3018 2195 muros
3083 2120 3412 2197 citimus
3459 2122 3716 2213 fuisse,
3781 2121 3913 2198 sed

525 2244 833 2323 Aelium
895 2242 1429 2334 Hadrianum,
1493 2270 1747 2349 quum
1809 2243 2424 2348 Hierosolymam
2490 2270 2535 2318 a
2595 2244 2775 2320 Tito
2838 2263 2918 2318 et
2963 2243 3362 2349 semetipso
3410 2244 3732 2318 omnino
3782 2242 3909 2317 ‹le-

524 2384 897 2442 structam
947 2364 1460 2469 reparandam
1504 2364 1650 2440 sibi
1700 2366 2149 2472 susciperet,
2214 2365 2362 2439 hac
2422 2366 2518 2439 e‘x
2565 2384 2788 2469 parte
2853 2363 3044 2440 adeo
3114 2364 3512 2468 ampliasse
3578 2364 3856 2439 urbem
3883 2421 3904 2453 ‚

526 2506 621 2564 ut
665 2489 925 2564 locum
971 2488 1338 2643 supplicii
1393 2506 1472 2562 et
1521 2489 1979 2590 sepulturae·
2012 2485 2472 2561 Dominicae
2529 2485 2736 2561 intra
2787 2512 3198 2565 murorum
3258 2484 3643 2561 ambitum
3710 2513 3911 2564 com·

525 2609 1029 2714 prehenderit
1077 2612 1175 2704 b).
2196 2612 2211 2627 '
2877 2628 2880 2637 ·

725 2732 926 2806 Cum
962 2755 1152 2805 vero
1204 2727 1647 2804 Hadrianus
1697 2745 1948 2804 totum
1998 2746 2597 2803 monumentum
2645 2700 2988 2833 plurima
3057 2726 3301 2825 humo
3351 2747 3670 2833 aggesta
3693 2698 3911 2834 peni-

531 2874 654 2930 tus
700 2849 1114 2929 abdidisset
1161 2848 1266 2945 c),
1320 2851 1679 2954 locoque·
1714 2851 1821 2930 ita
1888 2849 1990 2926 ad
2049 2847 2512 2926 mediocrem
2589 2849 3088 2929 altitudinem
3137 2872 3430 2943 evecto,
3485 2881 3575 2932 ac
3635 2852 3913 2959 lapidi·

524 2973 671 3049 bus
718 2972 1003 3048 obruto
1023 3030 1043 3062 ,
1111 2970 1377 3046 aedem
1429 2998 1518 3046 ac
1575 2971 2077 3047 simulacrum
2142 2973 2473 3047 Veneris
2545 2974 3071 3078 imposuisset:
3147 2976 3694 3052 Constantinus
3762 2976 3911 3052 dis-

525 3093 795 3197 sipatis
835 3092 1196 3167 omnibus
1268 3091 1688 3196 impietatis
1749 3093 2271 3168 monumentis
2290 3150 2311 3184 ,
2373 3095 2852 3199 sepulcrum,
2919 3115 3163 3200 egesta
3224 3097 3501 3190 humo,
3564 3099 3914 3206 aperuit,

648 3387 710 3460 ί)
794 3385 875 3448 cf.
923 3386 973 3453 1.
1013 3385 1100 3446 M.
1142 3384 1218 3446 A.
1260 3383 1497 3448 Scholz
1547 3385 1736 3450 Reise
1790 3410 1852 3474 p.
1912 3389 2046 3472 175.
2109 3411 2209 3473 sq·

524 3508 533 3518 ’
649 3520 709 3596 ¹0
772 3505 882 3582 ὀί.
915 3513 1150 3578 Enseb.
1196 3527 1260 3579 et
1301 3541 1349 3584 s.
1391 3518 1655 3584 Hieron.
1702 3517 1769 3578 in
1816 3518 1983 3580 libro
2048 3519 2129 3583 de
2186 3520 2316 3582 situ
2380 3533 2445 3586 et
2487 3544 2658 3588 nom.
2702 3512 2827 3587 loc.
2871 3523 3063 3591 Hebr.
3108 3524 3196 3585 11.
3238 3544 3302 3608 p.
3343 3524 3488 3600 451.
3533 3524 3635 3588 ed.
3678 3524 3901 3604 Mart,

770 3630 881 3692 nbi
948 3631 1036 3691 ita
1095 3633 1337 3694 refert:
1392 3621 1775 3717 Golgothaj
1820 3633 2006 3696 locus
2064 3623 2443 3718 calvariae,
2504 3638 2572 3699 in
2639 3660 2771 3721 quo
2830 3638 3124 3700 Salvator
3162 3660 3281 3722 pro
3346 3640 3550 3702 salute
3618 3640 3906 3701 omniurn

752 3743 1133 3808 'crucifixus'
1165 3756 1260 3809 est
1287 3791 1307 3826 ,
1334 3760 1345 3766 “
1369 3756 1437 3810 et
1474 3769 1679 3831 usque
1724 3741 1923 3812 hodie
1965 3747 2434 3814 ostenditur'in
2478 3753 2665 3815 Aelia
2703 3753 2787 3817 ad
2826 3756 3378 3836 septentrionalem
3421 3755 3676 3840 plagam
3717 3773 3906 3817 mon-

766 3861 854 3923 tis
898 3861 1078 3923 Sion.

654 3993 712 4068 b)
799 3991 1010 4053 Iacob.
1072 3991 1320 4059 Hieros.
1375 3993 1442 4055 in
1503 3993 1803 4079 descript.
1847 3995 1987 4058 itin.
2052 4031 2130 4049 -
2190 3998 2425 4068 Euseb.
2472 3999 2819 4063 demonstr.
2866 4019 3089 4082 evang.
3134 3999 3178 4062 l.
3220 4001 3282 4077 4.
3323 4023 3388 4084 p.
3430 3998 3608 4080 406.;
3653 3998 3733 4061 de
3775 3997 3904 4060 vita

772 4103 1183 4169 Constantini
1252 4108 1393 4187 111,
1459 4107 1602 4174 25-
1629 4110 1728 4174 35.
1797 4144 1879 4159 -
1933 4111 2002 4179 S.
2044 4111 2274 4197 Cyrill.
2332 4116 2585 4179 Hieros.
2642 4113 2906 4178 Cateeh.
2969 4115 3163 4194 xlv,
3218 4136 3281 4199 9.
3344 4134 3643 4196 expresse
3709 4112 3904 4180 dicit--

772 4229 990 4304 petra,
1032 4242 1195 4304 quae
1236 4222 1627 4306 speluncam
1654 4225 1917 4306 habuit,
1958 4247 2095 4288 non
2141 4227 2307 4290 intra
2342 4238 2593 4292 veteres
2626 4247 2844 4295 muros
2879 4230 2994 4293 sed
3024 4228 3189 4294 intra
3223 4228 3645 4293 antemuralia
3683 4236 3906 4378 postea

524 4379 529 4386 -
594 4359 605 4372 *
703 4378 713 4388 -
782 4345 1078 4399 extructa
1119 4338 1191 4403 ἐν
1228 4348 1374 4413 τοῖς
1413 4340 1699 4426 ὕστερον
1739 4340 2108 4425 γενομένοις
2146 4343 2674 4429 προτειχίσμασι
2709 4344 2827 4409 sita
2865 4345 3011 4415 fuit.

655 4475 719 4546 e)
803 4467 981 4547 quod
1024 4488 1225 4549 quare
1264 4469 1497 4531 feeerit
1535 4469 1937 4552 Hadrianus,
1996 4472 2118 4536 nisi
2172 4475 2358 4538 locus
2414 4483 2553 4538 tum
2608 4478 2916 4562 temporis
2969 4475 3053 4539 ch
3092 4474 3380 4553 istianis,
3437 4473 3551 4557 qui
3605 4493 3758 4538 eum
3809 4494 3907 4537 se-

774 4581 1062 4646 cundum
1118 4602 1366 4645 :norun
1421 4583 1856 4649 Israelita-nm
1896 4586 2251 4668 ,visitarunt
2304 4609 2678 4674 sacramque
2745 4589 3112 4656 hahuerunt
3127 4637 3147 4671 ,
3211 4589 3438 4653 fuisset
3493 4588 3566 4667 in
3629 4587 3912 4652 maxim

776 4694 1229 4776 veneratione,
1289 4717 1425 4760 non
1461 4698 1678 4766 video.
