4694 5726
2144 420 2243 511 Η.

521 644 997 735 occidentem
1054 622 1207 733 wel.
1274 640 1681 725 meridiem
1740 637 2333 746 conspiciuntur
2364 696 2384 731 ,
2449 639 2970 729 recentiorum
3057 637 3431 717 domuum
3525 641 3901 745 reliquiae

519 787 702 849 sunt
769 767 867 865 ι’).
952 846 959 853 ,
1042 824 1049 833 .
2130 832 2139 847 .

2086 952 2155 1047 S.
2256 954 2324 1029 6.

719 1138 956 1221 Exiis
984 1163 1187 1240 quae
1225 1135 1323 1208 de
1350 1133 1656 1209 ambitu
1684 1131 2269 1237 septentrionali
2304 1133 2553 1208 Sionis
2590 1151 2668 1209 et
2705 1137 2946 1208 Acrae
2975 1133 3499 1238 exposuimus,
3555 1155 3668 1210 sat
3698 1137 3902 1211 clare

522 1277 769 1366 patet,
819 1285 1180 1359 magnam
1228 1255 1447 1330 urbis
1498 1252 1921 1328 hodiernae
1969 1269 2270 1356 partem
2319 1253 2539 1329 illam
2562 1311 2584 1345 ,
2633 1280 2837 1357 quae
2885 1274 2996 1332 est
3043 1256 3249 1329 inter
3316 1281 3665 1331 occasum
3729 1258 3906 1333 solis

525 1401 606 1458 et
649 1381 1286 1486 septentrionem,
1354 1379 1542 1454 olim
1590 1395 1803 1452 extra
1854 1377 2074 1453 urbis
2121 1375 2434 1452 moenia
2475 1375 2704 1452 fuisse
2753 1376 3015 1467 sitam,
3078 1395 3314 1479 atque
3363 1377 3521 1453 huc
3563 1377 3902 1469 ,referen-

524 1500 708 1577 dam
770 1525 921 1575 esse
968 1499 1203 1575 etiam
1254 1499 1641 1601 regionem
1692 1521 1864 1573 eam
1894 1554 1919 1587 ,
1984 1497 2071 1571 in
2119 1524 2277 1601 qua
2325 1498 2468 1575 sita
2519 1518 2632 1575 est
2677 1498 3126 1583 sanctissimi
3183 1499 3516 1605 sepulcri
3565 1501 3894 1577 ecclesia.

524 1621 740 1699 Nihil
796 1622 1037 1725 igitur
1085 1622 1373 1712 obstat,
1422 1619 1844 1723 quominus
1890 1618 2352 1695 sententiam
2369 1624 2422 1709 ,⁸
2443 1645 2682 1723 quam
2709 1618 3186 1695 christianos
3231 1645 3529 1724 semper
3581 1619 3908 1696 tenuisse

524 1745 619 1820 de
670 1732 1096 1847 Golgotliae
1158 1763 1239 1820 et
1293 1742 1744 1819 sanctissimi
1806 1739 2141 1851 sepulcri
2190 1738 2347 1815 situ
2401 1758 2742 1830 constat,
2796 1741 3377 1845 amplectamur.
3477 1741 3899 1847 Scriptores

521 1854 842 1972 :quidem
902 1867 1345 1957 christiani,
1407 1866 1547 1970 qui
1612 1865 1709 1941 de
1779 1884 1982 1940 terra
2047 1883 2307 1941 sancta
2376 1881 2814 1940 tractarunt
2839 1919 2864 1954 ,
2940 1861 3101 1940 fere
3178 1889 3441 1938 omnes
3508 1863 3902 1958 referunt:

524 1991 1029 2093 Golgotham‚
1077 1991 1183 2066 in.
1228 2016 1385 2093 qua
1434 1989 1820 2064 Dominus
1851 1990 2124 2064 Noster
2189 1987 2405 2062 cruci
2455 1986 2774 2063 suffixus
2838 1986 2977 2077 sit,
3051 2014 3097 2061 a
3163 2005 3385 2091 parte
3437 1987 3655 2062 urbis
3717 1988 3912 2063 occi·-

522 2100 853 2223 dentali,
922 2109 1026 2185 ad
1071 2110 1677 2215 septentrionem
1724 2108 2009 2184 montis
2052 2108 2304 2184 Sionis
2351 2107 2441 2204 a)
2487 2127 2701 2183 extra
2753 2134 3016 2184 muros
3081 2107 3409 2185 ciwitatis
3457 2109 3715 2200 fuisse,
3779 2108 3910 2185 sed

522 2232 831 2313 Aelium
891 2233 1426 2322 Hadrianum',
1490 2258 1744 2337 quum
1806 2232 2421 2335 Hierosolymam
2488 2258 2533 2305 a
2593 2232 2772 2308 Tito
2835 2251 2917 2307 et
2961 2231 3359 2336 semetipso
3409 2232 3732 2307 omnino
3780 2230 3907 2305 de-

520 2373 896 2433 structam
944 2352 1457 2457 reparandam
1500 2354 1646 2429 sibi
1697 2353 2147 2459 susciperet,
2214 2353 2361 2428 hac
2420 2353 2514 2426 ex
2561 2372 2786 2457 parte
2849 2351 3040 2427 adeo
3111 2352 3509 2457 ampliasse
3576 2342 3854 2426 urbem
3881 2410 3902 2443 ,

523 2495 618 2553 ut
662 2479 923 2554 locum
970 2476 1335 2581 supplicii
1390 2494 1469 2551 et
1517 2476 1977 2578 sepulturae·
2010 2473 2468 2549 Dominieae
2527 2473 2734 2549 intra
2785 2500 3196 2553 murorum
3256 2473 3640 2551 ambitum
3707 2500 3909 2552 com-

522 2598 1025 2703 prehenderit
1073 2601 1173 2695 b).
2194 2600 2209 2614 ⁶
2875 2616 2916 2691 ᾗ
3343 2686 3352 2693 ‚
3707 2686 3718 2691 -
3789 2686 3798 2692 ‚

721 2723 921 2796 Cum
958 2745 1147 2795 vero
1198 2718 1643 2794 Hadrianus
1692 2735 1944 2793 totum
1994 2735 2593 2794 monumentum
2641 2717 2985 2823 plurima
3053 2716 3300 2814 humo
3346 2737 3666 2822 eggffita-
3690 2720 3909 2823 peni-

526 2862 651 2919 tus
697 2840 1110 2921 abdidisset
1157 2838 1262 2936 σ),
1316 2841 1642 2945 locoque
1670 2883 1677 2890 -
1710 2840 1818 2920 ita
1884 2838 1986 2916 ad
2045 2838 2511 2916 mediocrem
2585 2838 3088 2916 altitudinem
3135 2858 3427 2931 evecto,
3482 2869 3573 2918 ac
3631 2840 3911 2946 lapidi·

522 2963 668 3038 bus
714 2962 999 3038 obruto
1019 3020 1039 3051 ,
1108 2961 1375 3037 aedem
1425 2988 1514 3036 ac
1571 2961 2075 3037 simulacrum
2139 2962 2470 3037 Veneris
2544 2961 3069 3066 imposuisset:
3145 2962 3694 3040 Constantinus
3760 2963 3910 3039 dis-

522 3082 793 3187 sipatis
833 3082 1194 3158 omnibus
1265 3081 1685 3185 impietatis
1745 3083 2307 3174 monumentis,
2370 3085 2850 3189 sepulcrum,
2917 3103 3161 3188 egesta
3220 3083 3502 3178 humo,
3562 3086 3914 3194 aperuit,

646 3377 707 3450 ί)
791 3375 872 3438 cf.
920 3376 970 3442 1.
1010 3374 1097 3437 M.
1139 3374 1215 3436 A.
1258 3373 1494 3439 Scholz
1543 3375 1734 3440 Reise
1786 3399 1849 3463 p.
1909 3379 2043 3461 173.
2106 3400 2207 3463 sq.

522 3499 529 3508 '
648 3511 707 3585 q)
770 3497 879 3572 cf.
912 3503 1147 3569 Euseb.
1192 3517 1256 3570 et
1298 3531 1347 3601 s.
1389 3508 1652 3573 Hieron.
1699 3507 1767 3568 in
1813 3508 1981 3571 libro
2046 3509 2126 3572 de
2184 3510 2314 3572 situ
2378 3521 2444 3575 et
2485 3533 2657 3576 nom.
2701 3499 2826 3575 loc.
2870 3511 3062 3582 Hebr.
3108 3511 3194 3573 11.
3237 3533 3301 3596 p.
3341 3513 3487 3589 451.
3532 3511 3635 3576 ed.
3678 3511 3863 3579 Mart.
3879 3558 3901 3592 ,

768 3620 879 3682 ubi
946 3623 1034 3683 ita
1092 3623 1334 3685 refer-tt
1389 3622 1752 3707 Golgotha,
1817 3625 2004 3686 locus
2062 3611 2441 3706 calvariae,
2502 3628 2570 3688 in
2638 3649 2768 3710 quo
2828 3627 3122 3691 Salvator
3161 3648 3279 3711 pro
3344 3627 3552 3690 salute
3617 3629 3906 3689 omnium

750 3733 1131 3799 ‘crucifixus'
1163 3747 1257 3800 est
1284 3782 1305 3818 ‚
1332 3751 1343 3758 “
1367 3746 1434 3800 et
1473 3758 1678 3821 usque
1722 3733 1923 3801 hodie
1962 3739 2432 3804 ostenditur'in
2476 3742 2663 3805 Aelia
2701 3741 2785 3806 ad
2825 3744 3377 3826 septentrIonalem
3420 3743 3675 3828 plagam
3717 3761 3904 3806 mon-

762 3851 855 3914 tis
896 3852 1076 3914 Sion.

652 3983 710 4059 ὁ)
796 3982 1008 4044 Iacob.
1070 3982 1317 4049 Hieros.
1372 3984 1440 4044 iu
1501 3983 1801 4068 descript.
1844 3983 1985 4047 itin.
2050 4020 2127 4038 —
2188 3987 2424 4055 Euseh.
2470 3988 2818 4051 demonstr.
2864 4008 3088 4071 evang.
3131 3989 3177 4052 1.
3218 3991 3280 4067 4.
3321 4012 3386 4074 p.
3429 3988 3606 4069 4064
3652 3987 3731 4051 de
3773 3985 3902 4049 vita

770 4095 1181 4160 Constantini
1250 4099 1391 4177 111,
1456 4097 1726 4163 25-35.
1796 4133 1878 4149 --
1932 4101 2003 4169 S.
2043 4100 2273 4186 Cyrill.
2330 4105 2583 4167 Hieros.
2640 4103 2905 4167 Catach-
2968 4105 3160 4185 xlv,
3218 4126 3280 4189 9.
3343 4123 3641 4187 expresse
3707 4101 3899 4168 dicite

774 4220 991 4295 petra,
1031 4232 1193 4294 quae
1235 4213 1625 4296 speluncam
1653 4214 1917 4295 habuit,
1956 4235 2095 4276 non
2141 4216 2306 4278 intra
2340 4226 2591 4280 veteres
2625 4237 2843 4296 muros
2878 4218 2993 4282 sed
3022 4218 3188 4284 intra
3222 4217 3643 4282 antemuralia
3680 4225 3906 4300 postea

592 4349 603 4362 ’
702 4369 709 4380 -
780 4335 1077 4390 extructa
1118 4329 1189 4393 ἐν
1228 4338 1373 4403 τοῖς
1412 4329 1699 4415 ὕστερον
1726 4330 2107 4414 qwoytvmq
2145 4332 2672 4418 προτειχίσμασι
2707 4332 2826 4398 sita
2865 4334 3008 4404 fnit.

653 4467 717 4538 e)
802 4458 981 4539 quod
1024 4478 1224 4540 quare
1264 4458 1495 4522 feeerit
1533 4459 1935 4542 Hadrianus,
1994 4461 2117 4524 nisi
2170 4464 2358 4527 locus
2414 4473 2551 4527 tum
2607 4467 2914 4552 temporis
2968 4464 3051 4529 ch
3092 4429 3377 4541 istianis,
3435 4462 3549 4545 qui
3603 4481 3757 4526 eum
3806 4483 3906 4525 se-

771 4572 1062 4638 cundum
1117 4593 1365 4635 morum
1420 4573 1856 4654 Israelitarum
1896 4575 2249 4656 ‚visitarunt
2302 4598 2677 4664 sacramque
2744 4578 3146 4659 hahuerunt,
3209 4577 3434 4641 fuisset
3491 4577 3566 4654 in
3627 4575 3911 4640 maxima.

774 4685 1228 4767 veneratione,
1288 4707 1424 4751 non
1462 4688 1677 4756 video.
