4694 5726
3689 312 3702 347 l

2178 382 2416 461 19.

566 604 1058 714 philosophia
1104 603 1421 680 mhscto
1468 599 1668 677 bene
1712 602 2183 707 explicatum
2228 619 2386 696 est3
2456 600 2673 705 quod
2721 599 2840 679 'ad
2887 602 3210 678 alteram
3256 601 3723 703 quaestionis
3769 632 3946 709 par-

565 749 723 806 tem
782 727 1098 816 attinet,
1159 724 1507 829 plurima
1567 722 1677 798 ita
1741 743 1926 800 sunt
1989 723 2444 813 constituta,
2511 743 2614 801 ut
2678 751 3058 805 assensum
3129 721 3487 800 cohibere
3567 751 3938 829 nequeas,

562 872 815 953 neq-ue
862 848 1176 938 desunt,
1245 845 1532 950 quibus
1579 863 1973 955 augeatur
2001 843 2280 920 notitia
2329 845 2767 922 litterarum
2818 845 3202 942 (eminent
3248 864 3511 923 autem
3557 846 3766 929 inter
3811 875 3932 939 ea,

561 1000 761 1078 quae
811 971 908 1048 de
954 972 1403 1047 fabularum
1451 966 2122 1055 Locmanicarum,
2190 991 2395 1068 quae
2455 966 2884 1058 feruntur,-
2925 966 3142 1045 fonte
3206 968 3626 1074 principali
3699 990 3936 1074 atque

563 1112 809 1171 aetate
868 1086 1350 1182 eruuntur);
1422 1085 1763 1189 denique
1820 1086 2121 1162 fabulas
2184 1087 2813 1190 aliquammultas
2880 1089 3300 1167 novissimis
3371 1093 3603 1169 etiam
3667 1097 3936 1171 collec-

563 1214 908 1291 tionibus
954 1207 1340 1286 addendas
1384 1208 1653 1282 attulit
1700 1225 2002 1298 auctor,
2052 1206 2665 1312 Apophtegmata
2716 1227 2977 1285 tamen
3028 1211 3181 1286 sive
3230 1214 3711 1313 ἀποκρίματα
3737 1270 3759 1303 ,
3816 1236 3937 1292 ut-

481 1328 493 1341 ’
558 1353 739 1441 pote
785 1359 986 1438 quae
1032 1332 1132 1406 ab
1179 1330 1454 1435 Aesopi
1502 1328 1852 1418 nomine,
1905 1355 2127 1405 causa
2178 1328 2499 1432 quidem
2547 1358 2710 1406 non
2757 1330 3186 1408 sufficiente
3207 1392 3227 1425 ,
3273 1336 3740 1440 seiungenda
3788 1367 3933 1443 pu·-

522 1472 794 1545 ·taret‚
861 1453 1068 1531 nibil
1127 1477 1424 1528 curans.
1524 1455 1691 1526 Iam
1740 1476 1993 1552 quum
2040 1449 2426 1527 iudicium
2500 1473 2798 1531 rectum
2874 1481 3177 1558 usuque
3243 1458 3512 1560 aliquo
3574 1462 3935 1537 exercita.

558 1599 768 1672 tum,
806 1576 1543 1656 acumen-criticum
1589 1592 1667 1650 et
1712 1575 2100 1676 sagacitas,
2152 1574 2370 1649 notio
2416 1575 2648 1680 prisci
2699 1578 2863 1653 aevi
2911 1576 3130 1652 haud
3175 1580 3549 1683 vulgaris,
3603 1582 3689 1656 in
3743 1602 3929 1660 tem—

557 1702 880 1808 poribus
941 1701 1185 1806 probe
1263 1696 1782 1775 discernendis
1848 1696 2250 1799 diligentia
2331 1697 2609 1774 merito
2695 1699 2984 1803 possint
3061 1700 3532 1806 praedicari3
3624 1704 3929 1782 facilius

559 1824 1132 1903 condonabitur
1181 1842 1351 1899 tum
1399 1823 1647 1898 oratio
1695 1819 2017 1896 omnino
2063 1818 2325 1892 minus
2374 1845 2624 1922 pressa
2689 1839 2767 1896 et
2831 1820 3246 1911 concinna,
3327 1841 3497 1923 tum
3559 1827 3927 1930 expositio

557 1968 841 2051 parum
888 1944 1233 2021 dilucida
1252 2002 1273 2035 ‚
1326 1969 1576 2046 quum
1622 1942 1711 2017 in
1760 1938 2227 2044 quibusdam
2276 1939 2485 2014 casui
2549 1968 2626 2018 se
2691 1940 3114 2046 regendum
3189 1942 3488 2022 dederit
3556 1950 3885 2052 scriptor
3905 2010 3924 2041 ‚

561 2070 647 2143 in
695 2069 1030 2144 aliorum
1094 2066 1596 2171 opinionibus
1658 2064 1780 2137 vel
1839 2061 2252 2137 levioribus
2318 2063 2794 2139 recensendis
2860 2066 3091 2142 nimis
3151 2094 3371 2172 saepe
3436 2070 3731 2147 multus
3788 2074 3888 2149 sit
3909 2133 3930 2164 ,

560 2211 704 2262 nec
748 2187 1146 2262 enucleate
1194 2185 1370 2260 satis
1417 2204 1496 2259 et
1543 2185 1929 2286 eleganter
1976 2180 2500 2286 disputaverit.
2628 2184 2936 2319 Quibus
2982 2187 3188 2264 vitiis
3235 2216 3395 2325 quo
3446 2190 3930 2293 frequentius

555 2308 811 2412 prima
856 2307 1285 2412 specimina
1324 2306 1700 2381 litteraria
1749 2305 2100 2379 laborare
2149 2301 2429 2391 solent,
2498 2328 2587 2377 eo
2639 2303 3093 2409 impensius,
3164 2309 3306 2409 qui
3374 2310 3460 2384 in
3533 2331 3928 2413 posterum

558 2427 653 2504 de
699 2431 958 2535 palma
1007 2428 1154 2503 hac
1203 2447 1459 2503 nostra
1511 2426 2047 2513 decertabant,
2099 2423 2570 2500 admonendi
2618 2446 2837 2516 sunt,
2906 2449 2999 2505 ut
3047 2430 3551 2508 retractandis
3598 2433 3928 2511 subinde

555 2549 859 2654 seriptis
903 2552 1058 2625 suis
1103 2551 1251 2626 hac
1299 2549 1535 2625 etiam
1582 2574 1676 2622 ex
1722 2566 1942 2654 parte
1988 2544 2459 2623 satisfaciant
2501 2548 3066 2650 exspectationi.
3742 2576 3750 2585 ·

754 2670 1119 2769 Quaestio
1166 2670 1481 2775 physica
1529 2696 1763 2776 porro
1812 2669 2003 2743 baec
2054 2686 2267 2743 erat.

948 2795 1385 2866 Postulauir
1438 2792 2134 2887 phaenomenorum
2209 2791 2479 2860 electro
2502 2828 2544 2846 -
2567 2791 3042 2883 magneti-emi
3070 2843 3096 2882 ,
3159 2794 3280 2866 lu’e
3347 2799 3808 2894 temporibus
3870 2830 3924 2877 a

941 2918 1285 3011 physicis
1357 2914 1857 2987 celeberrimis
1928 2912 2493 2986 observatorum
2553 2916 2919 3008 expositio
2987 2916 3359 2990 historica
3392 2971 3418 3011 ,
3519 2927 3924 3000 coniuncta

947 3062 1119 3108 cum
1172 3038 1514 3108 examino
1568 3036 1831 3108 critico
1891 3033 2410 3130 hypothesium
2427 3087 2449 3126 ,
2522 3060 2713 3130 quae
2761 3036 2872 3107 ad
2925 3039 3379 3131 explicanda
3429 3044 3620 3117 haec
3664 3048 3922 3141 phae-

946 3183 1270 3233 nomena
1312 3160 1665 3254 prolatae
1720 3169 1910 3227 sunt.
2683 3141 2696 3152 ²

748 3287 1042 3358 Auctor
1082 3278 1788 3368 commentationis,
1860 3278 2205 3380 symbolo
2253 3276 2672 3353 instructae
2708 3312 2725 3351 ε
2786 3280 3184 3374 colleg-isse
3240 3282 3452 3356 ἰαναι
3483 3337 3506 3376 ,

553 3431 754 3510 quae
802 3407 1035 3481 unica
1087 3404 1368 3481 ordini
1420 3402 1674 3477 oblata
1723 3420 1872 3491 est,
1942 3402 2029 3475 in
2098 3397 2489 3476 tradendis
2535 3400 3087 3505 phaenomenis
3108 3461 3127 3493 ,
3197 3404 3750 3509 hypothesibus
3797 3433 3922 3486 ex·-

554 3525 933 3631 ponendis
1014 3522 1685 3624 diiudicandisque
1762 3522 1869 3597 ita
1947 3538 2281 3598 versatus
2369 3540 2481 3596 est
2518 3579 2539 3610 ,
2627 3548 2870 3624 eaque
2953 3527 3371 3630 specimina
3438 3527 3862 3606 industriae
3892 3593 3912 3623 ,

554 3646 914 3722 scientiae
943 3702 964 3736 ,
1032 3643 1409 3719 acuminis
1485 3660 1563 3718 et
1642 3641 1935 3744 ingenii
2002 3642 2362 3719 exhibuit
2399 3702 2420 3735 ,
2510 3663 2601 3720 ut
2684 3650 3122 3750 praemium
3190 3649 3261 3725 ei
3340 3652 3684 3729 tribuere
3752 3684 3914 3732 non

556 3764 1027 3842 dubitaverit
1098 3762 1381 3841 Ordo.
1491 3766 1883 3838 Summam
1947 3762 2182 3838 etiam
2246 3763 2558 3839 laudem
2633 3767 3062 3861 meruisset,
3147 3768 3213 3844 si
3275 3770 3662 3850 frictionis
3727 3779 3917 3878 'quo-

554 3913 709 3991 que
772 3889 1356 3972 electricitatem
1421 3888 1792 3991 respicere
1858 3911 2021 3959 non
2086 3885 2494 3978 omisisset3
2564 3885 2626 3961 si
2699 3885 2786 3961 in
2854 3887 3352 3990 physicorum
3417 3892 3926 3997 opinionibus

554 4007 1023 4112 quibusdam
1085 4005 1562 4093 recensendis
1634 4026 1714 4083 et
1782 3980 2218 4081 refellendis
2284 4007 2582 4109 ubique
2646 4033 2912 4112 parem
2979 4008 3459 4113 diligentiam
3522 4013 3920 4094 adhibuis-

552 4151 719 4223 set,
794 4152 1091 4236 atque·
1131 4131 1501 4235 magnetis
1583 4123 2010 4219 theoriam,
2096 4130 2454 4233 physicis
2510 4155 2754 4231 usque
2839 4129 3099 4208 adhuc
3135 4135 3612 4239 probatam,
3693 4140 3920 4216 cuius

553 4257 1025 4335 mentionem
1075 4257 1292 4347 fecit,
1355 4254 1635 4393 paullo·
1670 4252 2101 4328 accuratius
2148 4253 2645 4356 exposuisset,
2681 4253 2780 4328 si
2826 4228 3165 4356 deniquae
3210 4276 3535 4362 propter
3577 4259 3918 4337 nimium

549 4379 943 4456 brevitatis
988 4377 1336 4455 studium
1385 4371 2012 4484 perspicuitatem
2058 4375 2462 4454 interdum
2506 4402 2666 4452 non
2693 4377 3206 4479 neglexisset,
3248 4381 3767 4485 sermonisque
3807 4385 3914 4461 la-

543 4496 701 4575 tim
751 4500 1272 4603 integritatem
1316 4525 1405 4574 ac
1453 4497 1893 4603 puritatem.
3981 4493 3990 4502 ’

690 4625 863 4697 In.
897 4619 1174 4699 litteris
1239 4617 1809 4760 Orientalibus
1796 4636 2334 4725 proposuerat
2405 4616 2686 4710 Ordo,
2773 4625 2859 4694 td
2907 4643 3002 4698 α
3068 4622 3326 4698 codice
3388 4583 3908 4726 mannevipto
4013 4657 4040 4672 2
