4694 5726
452 678 705 741 strum
751 652 1207 743 liberalitas,
1276 665 1376 727 ut
1422 644 1629 725 illud
1674 647 1749 725 ei
1797 644 2210 750 assignaret
2256 640 2399 741 (cf.
2447 644 2588 726 Mt.
2644 673 2778 749 27,
2827 641 2948 747 59
3044 646 3194 725 Mc.
3255 640 3380 737 15,
3430 647 3549 744 46.
3649 646 3832 722 Luc.

454 787 587 870 25,
656 776 777 855 53.
875 779 982 853 Io.
1044 799 1174 872 19,
1224 774 1345 848 58.
1396 776 1517 866 42.
1539 766 1592 866 ).
1690 769 1917 847 Illius
1960 765 2306 847 custodes
2356 768 2673 845 summis
2737 769 3241 875 pontificibus
3304 768 3694 849 nuncium
3744 769 3839 846 de

452 900 744 999 Christi
815 893 1379 975 resurrectione
1449 892 1807 983 allaturi,
1875 891 1964 969 in
2034 891 2315 967 urbem
2365 890 2661 967 intrare
2727 890 2867 988 (cf.
2916 895 3054 970 Mt.
3111 897 3243 985 28,
3304 889 3497 989 11.),
3570 897 3842 973 Petrus

454 1051 643 1107 xero
692 1039 774 1101 et
817 1025 1181 1108 Ioannes,
1230 1017 1678 1122 sepulcrum
1721 1015 2003 1105 visuri,
2036 1038 2133 1089 ex
2176 1014 2382 1089 urbe
2424 1012 2683 1117 egredi
2733 1009 2860 1109 (cf.
2909 1019 3015 1093 Io.
3057 1000 3150 1091 :io
3175 1070 3197 1106 ,
3249 1013 3358 1114 ὅ.)
3403 1014 3795 1127 debebant
3821 1048 3842 1091 z

466 1148 710 1252 igitur
731 1142 970 1223 etiam
1012 1141 1335 1219 Domini
1358 1139 1616 1217 Nostri
1646 1138 2209 1217 sanctissimum
2247 1139 2694 1243 sepulcrum
2736 1156 2952 1215 extra
3007 1140 3286 1251 urbem
3305 1128 3312 1133 ’
3333 1141 3570 1219 situm
3621 1140 3852 1217 fuisse

462 1268 818 1351 dubitari
868 1292 1032 1341 non
1081 1281 1352 1368 potest.
1450 1266 1702 1343 Erant
1744 1263 1961 1341 enim
2021 1261 2489 1366 plerumque
2546 1263 2898 1368 sepulcra
2955 1281 3169 1339 extra
3219 1264 3499 1339 urbem
3551 1255 3738 1340 tam‘
3757 1287 3852 1338 ex

464 1392 631 1492 lege
676 1388 941 1469 divina
989 1383 1186 1489 (qua
1235 1403 1560 1463 cautum
1604 1404 1718 1465 est
1761 1414 1809 1463 a
1857 1385 2295 1493 pollutione
2340 1410 2774 1478 sacrorum,
2822 1411 3027 1490 quae
3073 1387 3690 1464 contaminatum
3751 1386 3853 1464 iri

464 1509 1049 1601 existimabant,
1098 1508 1161 1584 si
1214 1507 1423 1587 intra
1474 1508 1696 1586 urbis
1738 1508 2045 1587 moenia
2091 1506 2691 1614 sepelirentur),
2765 1536 3010 1613 quam
3077 1534 3171 1638 ᾳ
3235 1510 3493 1602 civili,
3561 1535 3661 1586 ne
3720 1535 3860 1586 aer

471 1632 943 1738 putrefieret.
1020 1632 1415 1708 Praetorio
1463 1651 1633 1710 erat
1680 1632 2043 1724 inferius,
2093 1631 2311 1736 quod
2357 1659 2452 1708 ex
2484 1659 2668 1709 voce
2712 1634 3033 1730 onoma-s
3078 1628 3647 1729 (descendite),
3695 1657 3858 1739 qua

462 1757 766 1833 Pilatus
811 1783 1147 1832 summos
1195 1754 1619 1832 sacerdotes
1656 1773 1743 1832 et
1790 1755 2263 1862 pharisaeos,
2313 1753 2744 1833 custodiam
2790 1783 2938 1861 pro
2983 1755 3339 1861 sepulcro
3386 1754 3859 1861 postulantes

468 1876 913 1980 alloquitur
955 1872 1086 1973 (cf.
1134 1880 1276 1954 Mt.
1322 1905 1413 1977 27
1430 1933 1455 1968 ,
1486 1877 1677 1970 65.),
1726 1904 2103 1983 apparere
2132 1878 2484 1971 videtur,
2530 1880 2700 1959 viae
2746 1878 3110 1984 publicae
3153 1903 3335 1954 vero
3383 1879 3862 1987 proximum,

477 1998 698 2104 quod
765 2025 861 2075 ex
933 2000 1494 2079 consuetudine
1562 2001 2076 2106 antiquorum
2142 2002 2426 2079 coniioi
2491 2017 2784 2107 potest,
2864 2001 3010 2107 qui
3074 2001 3430 2107 sepulcra
3493 2001 3581 2077 in
3644 2018 3865 2107 parte

474 2121 682 2199 viam
725 2141 1151 2227 spectante,
1227 2123 1463 2201 condi
1518 2124 1945 2217 iubebant,
1997 2141 2094 2201 ut
2136 2122 2465 2199 viatores
2525 2121 2623 2197 de
2682 2121 3156 2200 mortalitate
3216 2117 3855 2198 admonerentur.

675 2246 927 2321 Erant
975 2247 1219 2350 igitur
1285 2265 1368 2325 et
1431 2248 1813 2350 Golgotha
1904 2265 1984 2324 et
2048 2275 2101 2324 s.
2166 2247 2614 2352 sepulcrum
2695 2264 2910 2325 extra
2975 2241 3196 2319 urbis
3259 2243 3612 2334 moenia,
3681 2244 3873 2323 huic

481 2367 1031 2471 praetorioque
1076 2369 1387 2459 vicina,
1422 2396 1668 2476 prope
1711 2370 1920 2449 viam
1967 2371 2437 2508 publicam
2415 2398 2504 2445 m
2551 2371 2721 2445 loco
2769 2369 3113 2475 quodam
3161 2368 3667 2475 depressiori,
3731 2366 3874 2446 uhi

481 2483 696 2565 horti
763 2487 955 2563 olim
1001 2486 1233 2564 fnisse
1303 2489 1692 2571 videntur.
1792 2492 2060 2588 Quae,
2108 2493 2247 2568 etsi
2320 2493 2411 2568 in
2487 2492 2938 2571 universnm
2991 2494 3255 2571 locum
3333 2487 3876 2571 tantummodo

478 2603 931 2709 designent:
1000 2636 1097 2687 eo
1144 2630 1406 2689 tamen
1453 2614 1923 2706 inserviunt,
1974 2635 2105 2706 ut,
2154 2616 2221 2691 si
2270 2614 2372 2690 de
2416 2616 2990 2719 Hierosoly-mae
3034 2616 3233 2705 situ,
3285 2613 3541 2723 qualis
3588 2614 3876 2695 Christi

488 2746 835 2832 tempore
886 2731 1130 2806 fuerit
1148 2789 1170 2822 ,
1224 2735 1674 2834 diligentius
1744 2736 2266 2839 disquiramus
2353 2764 2691 2840 eumque
2739 2765 2921 2813 cum
2970 2738 3347 2815 hodierna
3400 2737 3620 2817 urbis
3681 2736 3878 2820 facie

487 2851 927 2929 accuratius
986 2856 1588 2961 comparemus,
1690 2854 1788 2933 de
1866 2860 2247 2965 positione
2322 2879 2561 2965 atquo
2627 2880 2908 2944 nutura
2977 2862 3366 2953 locorum,
3418 2857 3516 2937 do
3585 2859 3878 2965 quibus

488 2988 949 3069 tractamus,
1014 2978 1147 3056 vix
1191 2977 1610 3062 dubitandi
1660 2983 1881 3060 locus
1921 2984 2435 3089 relinquatur.
2921 3003 2924 3012 ⁴

2065 3182 2134 3275 S.
2236 3186 2307 3257 3.

689 3343 1046 3421 Primum
1095 3345 1340 3448 igitur
1389 3348 1927 3455 investigemus
1976 3369 2284 3458 oportet
2332 3352 2635 3440 locum,
2703 3351 2791 3427 in
2838 3376 3077 3453 quem
3125 3348 3387 3427 omnia
3437 3349 3637 3426 bene
3690 3379 3883 3457 qua-

507 3459 744 3538 drant
793 3464 1081 3540 indicia
1127 3470 1197 3558 S.
1251 3470 1738 3572 praecedenti
1788 3476 2045 3550 allata

468 3591 477 3602 '
693 3587 980 3663 Versus
1030 3589 1449 3683 orientem,
1518 3595 1926 3674 meridiem
1972 3618 2078 3675 et
2099 3625 2270 3679 eam
2317 3567 2750 3703 regionem,
2825 3622 3029 3703 quae
3076 3596 3219 3673 sita
3290 3616 3402 3675 est
3453 3597 3662 3675 inter
3724 3623 3882 3674 me-

504 3701 787 3782 ridiem
835 3727 913 3784 et
958 3711 1135 3790 solis
1180 3740 1575 3809 occasum,
1627 3721 1906 3798 urbem
1944 3712 2542 3800 circumdabant
2585 3717 2817 3798 valles
2865 3721 3524 3827 profundissimae
3613 3723 3879 3821 Quae,

506 3851 690 3908 cum
738 3830 840 3905 ab
888 3851 1223 3938 utraque
1290 3857 1513 3943 parte
1561 3868 1792 3948 rupes
1838 3843 2218 3922 haberent
2264 3846 2755 3951 praecipites,
2832 3871 2975 3921 nec
3020 3847 3371 3950 sepulcra
3431 3848 3887 3954 complecte-

510 3968 837 4042 rentur,
902 3981 1159 4060 neque
1221 3963 1610 4100 praetorio
1673 3966 1973 4044 vicinae
2034 3985 2320 4057 essent,
2390 3968 2480 4042 in
2535 3965 3096 4071 disceptatione
3148 3964 3245 4040 de
3312 3966 3748 4069 Golgothae
3806 3987 3887 4048 et

496 4071 569 4148 S.
617 4074 968 4177 sepulcri
1016 4078 1173 4155 situ
1234 4080 1409 4159 iure
1456 4090 2027 4190 praetermissae
2073 4109 2275 4167 sunt.
2399 4092 2686 4200 Versus
2732 4088 3363 4216 septentrionem,
3417 4090 3558 4166 ubi
3608 4118 3884 4195 magna

494 4192 862 4298 planities
917 4200 1071 4276 late
1118 4205 1467 4307 patebat,
1540 4211 1938 4288 Bezetham
2003 4212 2274 4304 habes,
2350 4239 2394 4288 e
2443 4207 2762 4314 regione
2816 4193 3052 4287 turris
3121 4212 3505 4293 Antoniae
3568 4215 3667 4288 ab
3736 4215 3887 4289 He-

460 4311 689 4391 *rode
738 4323 1027 4428 templo
1074 4322 1487 4405 adiunctae
1529 4330 1876 4437 fossaque
1916 4335 2307 4441 profunda
2349 4335 2449 4413 ab
2481 4336 2638 4411 hac
2664 4335 3126 4425 seiunctam,
3163 4361 3222 4410 ·a
3271 4334 3592 4440 losepho
3642 4336 3886 4409 καινά·

498 4436 711 4526 πτολις
740 4441 864 4520 vel
893 4442 1328 4557 νεόκτιστον
1367 4451 1583 4552 μέρος
1614 4458 1745 4539 τῆς
1778 4456 2052 4544 πόλεως
2077 4456 2372 4544 dictam
2389 4454 2518 4552 a),
2547 4473 2784 4563 atque
2807 4455 2912 4550 ab
2939 4456 3282 4636 Agrippa
3307 4453 3626 4536 demum
3659 4485 3888 4539 muro

629 4723 1874 4823 a)1o·.deb011.ind.v,4.5.2.
