4694 5726
2129 403 2233 485 17

568 628 577 633 ’
696 632 930 707 Hunc
964 678 979 693 ·
1009 628 1365 703 libellum
1437 622 1742 727 scripsit
1830 619 1959 695 IO.
2045 619 2222 694 IOS.
2309 618 2570 693 GUIL.
2665 618 2994 695 BRAUN
3026 675 3048 707 ,
3133 614 3489 717 Theolog.
3570 613 3865 689 Cathol.

500 752 821 830 Studios.
852 809 873 841 ‚
935 745 1726 827 Boram-Rhenanus
1773 766 1867 814 ex
1924 765 2119 845 pago
2179 738 2523 841 Gronau.
2585 760 2592 767 ·
3223 789 3230 797 .

530 946 545 975 ι
655 934 829 1073 ΙΙΙ.
935 992 1217 1069 ORDO
1309 988 1766 1064 ICTORUM
1856 982 2057 1093 duas=
2096 996 2603 1084 proposuerat
2665 934 3142 1081 quaestiones
3190 977 3371 1052 has:

696 1119 992 1193 Unam:
1066 1114 1159 1182 de
1213 1107 1766 1185 conditionibus
1793 1103 2275 1198 probationis
2312 1124 2459 1194 per
2505 1111 2723 1170 testes
2764 1123 2855 1170 ex
2894 1111 3138 1170 vetere
3185 1101 3350 1169 iure
3398 1096 3874 1174 Germanico,

693 1239 1078 1315 Alteram:
1153 1234 1550 1321 Quaenam
1602 1229 1802 1298 ratio
1856 1240 1926 1296 et
1971 1249 2161 1319 qaae
2192 1225 2382 1314 fata
2430 1223 2725 1316 fuerint
2775 1222 2855 1291 in
2908 1224 3074 1290 iure
3128 1222 3482 1292 Romano
3533 1224 3874 1316 regulae:

884 1381 1034 1453 per
1085 1367 1521 1427 extraneam
1561 1368 1974 1445 personam
2020 1346 2387 1418 neminem
2442 1343 2833 1441 acquirere
2888 1354 2958 1411 et
3013 1340 3340 1435 obligari
3358 1386 3366 1395 ·
3379 1366 3625 1437 posse.

698 1570 952 1676 Priori
1018 1576 1448 1702 quaestioni
1522 1623 1748 1673 nemo
1813 1591 2271 1698 respondere
2332 1589 2642 1677 voluit‚,
2687 1585 2900 1686 quod
2951 1588 3049 1660 ab
3098 1586 3395 1662 Ordine
3458 1585 3678 1662 valde
3742 1586 3876 1664 do-

504 1726 713 1800 letur
737 1774 761 1810 ,
826 1748 1005 1797 cum
1054 1708 1311 1797 thema
1362 1719 1845 1825 propositum
1896 1739 2148 1815 neque
2218 1711 2556 1785 utilitate
2604 1727 2683 1783 et
2731 1706 3216 1782 iucunditate
3266 1708 3663 1801 caruisset,
3741 1735 3872 1782 ne-

503 1868 659 1945 que
724 1840 967 1915 nimia
1018 1838 1513 1926 difficultate,
1580 1838 1640 1911 si
1718 1835 1959 1921 rectis
2000 1836 2153 1917 suis
2220 1833 2506 1906 finibus
2591 1830 3263 1933 circumscriptum
3321 1830 3602 1921 fuerit,
3673 1830 3885 1905 labo-

503 1983 749 2040 rasset.
854 1958 1189 2036 Proinde
1235 1977 1493 2063 sperat
1534 1957 1739 2034 idem
1794 1954 2047 2044 Ordo,
2122 1955 2286 2028 fore
2339 1973 2433 2026 ut
2486 1976 2685 2054 quae
2739 1950 3399 2025 commilitonibus
3454 1971 3533 2027 et
3586 1951 3877 2053 ingenii
3987 2046 4008 2066 t

509 2085 705 2173 iuste
767 2042 1167 2185 exercendi
1227 2097 1305 2152 et
1357 2077 1610 2151 laudis
1664 2075 2105 2178 gloriaeque
2165 2071 2698 2175 adipiscendae
2739 2072 3025 2144 occasio
3055 2058 3438 2163 offertur,
3494 2101 3652 2147 non
3701 2101 3879 2147 con-

506 2222 940 2317 minuatur,
1000 2199 1131 2276 sed
1195 2218 1288 2274 ut
1340 2198 1607 2274 eadem
1670 2197 2113 2300 quaestione
2182 2192 2505 2349 repetita
2573 2190 2806 2266 multi
2860 2216 3065 2265 anno
3131 2217 3312 2265 mox
3370 2212 3735 2294 sequente
3793 2195 3882 2271 in

503 2349 734 2415 arena
784 2319 1355 2425 propugnaturi
1403 2318 1857 2392 excitentur.

700 2444 820 2516 De
867 2438 1105 2516 alteia
1157 2440 1603 2542 quaestione
1671 2437 1997 2515 exhibiti
2058 2455 2242 2514 sunt
2294 2396 2580 2513 Ordini
2638 2432 2887 2509 libelli
2954 2449 3326 2534 quatuor,
3393 2432 3516 2510 his
3577 2453 3879 2535 senten-

507 2565 632 2640 tiis
680 2562 1043 2639 distincti.

717 2681 967 2754 Unus:
1037 2686 1351 2786 Semper
1415 2701 1751 2757 tentasse.
1793 2682 2105 2756 iuvabit.

700 2804 921 2878 Alter
943 2798 977 2876 ε’
1004 2805 1325 2880 “Natura
1375 2801 1884 2905 cupiditatem
1946 2800 2304 2904 ingenuit
2350 2799 2688 2892 homini,
2745 2800 2909 2876 veri
2962 2797 3460 2896 inveniendi.-

714 2927 1056 2998 Tertius:
1114 2925 1412 3012 „Omnia
1475 2923 1575 2996 ad
1620 2925 1993 2997 maiorem
2037 2924 2185 2999 Dei
2252 2923 2598 3025 gloriam.

706 3050 1090 3137 Quartus:
1162 3047 1417 3122 Multa
1469 3046 1656 3120 tulit
1710 3045 2048 3148 fecitque
2113 3072 2343 3150 puer,
2413 3046 2715 3121 sudavit
2769 3064 2846 3120 et
2905 3047 3099 3122 alsit.

698 3292 984 3370 Omnes
1043 3291 1190 3367 hae
1241 3290 1917 3367 commentationes
1971 3289 2223 3394 elapso
2276 3291 2619 3393 legitimo
2689 3289 2934 3394 spatio
2995 3289 3296 3364 oblatae
3340 3310 3569 3381 sunt,
3638 3292 3744 3367 ita
3790 3311 3889 3367 ut

502 3432 907 3551 propterea
963 3416 1118 3487 iam
1167 3442 1212 3486 a
1270 3411 1687 3488 certamine
1732 3410 2262 3487 excludantur.
2365 3414 2664 3484 Verum
2723 3412 2862 3485 etsi
2923 3410 3138 3486 Ordo
3183 3411 3441 3487 minus
3498 3437 3750 3487 severe
3788 3413 3892 3489 de

506 3534 649 3610 ista
692 3561 913 3609 causa
963 3533 1247 3609 sentire
1301 3534 1578 3622 vellet,
1644 3533 1839 3608 aliae
1909 3551 2168 3608 tamen
2239 3530 2574 3638 rationes
2646 3532 3106 3621 obfuerunt,
3179 3511 3597 3636 quominus
3670 3560 3892 3673 prae-

504 3658 664 3740 mio
732 3657 997 3731 ornari
1067 3657 1510 3760 potuissent.
1613 3629 1796 3729 Tres
1846 3654 2061 3728 enim
2112 3655 2405 3758 priores
2455 3652 2555 3724 ab
2613 3676 2704 3725 eo
2768 3651 2982 3754 quod
3051 3652 3263 3727 Ordo
3328 3682 3636 3759 sperare
3692 3656 3892 3732 iuste

465 3771 827 3882 poterat,
867 3777 1091 3880 longe
1129 3778 1700 3874 aberraverunt.
1801 3780 2197 3851 Praeterea
2232 3774 2486 3879 prima
2527 3792 2607 3848 et
2652 3772 2878 3848 tertia
2928 3798 3223 3847 summa
3264 3774 3574 3877 linguae
3614 3796 3693 3853 et
3734 3779 3893 3854 stili

468 3898 835 4000 *incurias
866 3899 1341 4002 conscriptae
1392 3916 1596 3973 sunt.
1701 3897 2044 3995 Quartus
2067 3897 2395 3974 libellus
2414 3952 2434 3986 ‚
2498 3921 2719 3970 versu
2775 3894 3118 3968 Horatii:
3172 3896 3424 3968 Multa
3469 3898 3640 3969 tulit
3658 3901 3890 3993 ficit-

400 4047 417 4064 ‘
488 4015 884 4120 ‘qquuerf
932 4031 1067 4089 etc.
1094 4071 1117 4108 ,
1190 4019 1626 4122 insignitus,
1691 4039 2020 4096 caeteros
2067 4018 2389 4123 quidem
2449 4037 2528 4093 et
2590 4015 2847 4093 studio
2912 4033 2991 4091 et
3054 4041 3317 4094 rerum
3393 4019 3612 4126 copia
3666 4023 3893 4126 longe

506 4142 908 4245 praecellit
918 4174 941 4235 ;
996 4139 1127 4216 sed
1186 4169 1367 4217 eum
1418 4143 1616 4216 iusta
1656 4140 2017 4216 methodo
2066 4143 2226 4222 non
2276 4160 2667 4230 uteretur,
2730 4137 3125 4215 cardinem
3171 4142 3608 4245 propositae
3656 4167 3891 4245 quae-

490 4263 775 4370 'stionis
829 4291 991 4339 non
1043 4262 1309 4366 tetigit.
1429 4262 1638 4336 Hinc
1683 4288 1726 4336 e
1772 4265 2149 4340 sententia
2198 4262 2517 4340 Ordinis
2570 4260 2759 4339 huic
2812 4263 3442 4348 commentationi
3496 4289 3642 4370 pro
3690 4290 3903 4366 mag,

511 4385 685 4475 nis,
763 4403 858 4459 ut
925 4382 1286 4476 videtur,
1360 4383 1696 4459 auctoris
1751 4379 2203 4462 laboribus
2214 4411 2394 4460 suae
2459 4381 2782 4488 quidem
2838 4382 3105 4462 laudes
3171 4407 3336 4467 non
3397 4382 3898 4524 denegandae

510 4522 733 4599 mut,
800 4504 963 4613 ipsa
1014 4521 1273 4642 tamen
1314 4505 1573 4611 palma
1638 4499 1883 4581 tribui
1944 4530 2108 4583 non
2170 4524 2491 4614 poterat.

4451 5139 4490 5196 XX

4519 4865 4683 5464 *N
