4694 5726
2389 363 2637 514 ‘w

974 662 983 669 ’
1077 640 1541 758 Psephinam
1595 636 1887 726 turi-im·
1929 646 2146 726 illam
2186 651 2564 731 ‘excelsam‘
2609 680 2697 729 ea
2757 655 2844 733 in
2902 660 3213 762 regione
3268 664 3494 749 fuisse
3514 722 3532 756 ,
3585 652 3786 770 quac
3861 667 4054 751 huio‘
4087 660 4272 748 'em-³

876 773 1101 881 porio
1167 775 1423 849 vicina
1495 790 1643 864 est,
1724 772 2082 877 videlicet
2146 773 2357 854 inter.
2415 777 2818 854 castellum
2886 807 2937 856 s.
2991 778 3388 875 Helenae‚'
3440 792 3517 864 et
3577 808 3881 893 portam
3915 781 4270 869 iudicia-

882 901 1117 987 riam,
1189 895 1696 972 certissimum
1743 896 1941 971 mihi
2003 895 2330 972 videtur.
2433 900 2798 1003 Iosephus
2858 905 2978 981 vel
3048 928 3312 1011 aperte
3369 910 3562 987 dicit
3637 916 3760 988 vel
3827 915 4102 993 innuit
4141 918 4264 1011 ἦ),

876 1046 1048 1100 eam
1111 1047 1156 1094 a
1230 1038 1453 1124 porta
1518 1018 1896 1124 Ephraim
1957 1016 2226 1110 (nunc
2278 1038 2520 1125 porca
2594 1022 3043 1103 damascena
3123 1031 3240 1104 vel
3303 1016 3916 1131 hab-el-amud),
3982 1064 4264 1143 parum

880 1141 1292 1218 distantem
1342 1139 1586 1215 fuisse.
1690 1143 1880 1215 Eam
1944 1140 2245 1216 fuisse
2224 1170 2309 1219 ιιι
2360 1160 2694 1220 extrema
2745 1166 2966 1251 parte
3014 1150 3308 1226 boreali
3358 1153 3638 1245 Sionis,·
3720 1160 3840 1233 vel
3889 1165 4019 1243 τῆς
4088 1161 4268 1233 οἰνω-

872 1264 1187 1352 πόλεως,
1254 1289 1298 1339 e
1349 1263 1657 1366 regione
1721 1266 1960 1337 Acrae
2031 1265 2152 1339 vel
2199 1269 2327 1347 τῆς
2375 1268 2846 1351 κατωπόλεως
2913 1271 2985 1345 ei
3051 1273 3218 1347 viae
3279 1276 3705 1367 confinem,
3758 1307 3997 1382 quam
4050 1301 4265 1358 nune

879 1388 1108 1464 harat
1172 1384 1702 1463 hab-el-amud
1752 1406 2065 1479 vocant,
2137 1389 2224 1463 in
2296 1416 2535 1492 quam
2592 1389 2980 1468 descendis
3001 1451 3021 1483 ,
3088 1394 3151 1470 si
3220 1422 3313 1470 ex
3345 1386 3822 1476 monasterio
3893 1427 3944 1475 s.
3991 1405 4280 1481 salum-²

886 1512 1071 1588 toris
1135 1537 1277 1616 per
1337 1510 1542 1584 viam
1609 1508 2039 1585 dolorosam
2107 1508 2554 1606 (barat-el·
2566 1513 2991 1610 nasareh),
3063 1515 3504 1594 orientem
3523 1540 3782 1597 versus
3855 1544 4104 1626 usque
4163 1524 4264 1601 ad

891 1656 1196 1746 portam
1248 1633 1735 1709 iudiciariam
1785 1634 2331 1739 proficiscaris,
2361 1661 2501 1709 ex
2549 1637 2721 1712 aliis
2767 1638 3116 1714 indiciis
3109 1626 3405 1718 coniici
3454 1661 3718 1749 potest.
4265 1642 4274 1651 ’

1081 1756 1354 1831 Tumis
1418 1754 1608 1829 haec
1658 1756 1744 1829 in
1807 1780 1893 1829 ea
1946 1756 2154 1830 muri
2207 1756 2418 1833 tertii
2470 1778 2691 1863 parte
2738 1760 2879 1835 sita
2930 1761 3121 1851 fuit,
3197 1764 3337 1838 ubi
3397 1765 3531 1840 ille
3603 1767 3688 1842 in
3741 1769 4117 1872 angulum
4151 1768 4278 1843 -ad'

878 1879 1478 1987 septentrionem
1528 1896 1607 1952 et
1653 1876 2132 1953 occidentem
2205 1878 2442 1954 situm
2492 1881 2775 1966 abibat.
2877 1885 3163 1987 Anguli
3219 1907 3485 1962 autem
3553 1900 3840 1967 nomen
3891 1892 3979 1966 in
4031 1890 4266 1966 aliam

880 2002 1119 2078 huius
1180 2003 1388 2076 muri
1438 2021 1741 2107 partem
1788 2007 1915 2077 vix
1964 2003 2239 2077 melius
2288 2004 2696 2105 congruit,
2760 2030 2999 2107 quam
3047 2007 3133 2082 in
3185 2007 3411 2084 hanc.
3527 2013 3726 2086 Nam
3776 2014 3959 2089 inde
4007 2039 4051 2088 a
4101 2034 4268 2117 poe-

879 2124 1122 2230 phina
1208 2123 1450 2198 altera
1506 2125 1715 2198 muri
1783 2150 1959 2229 pars
2006 2149 2262 2199 versus
2321 2148 2520 2198 eam·
2544 2124 2932 2227 regionem
2991 2126 3391 2218 tendebat,
3465 2154 3678 2233 quae
3717 2150 3828 2208 est
3865 2133 4086 2209 -inwr
4141 2156 4268 2209 oo-

877 2246 1262 2324 cidentem
1344 2247 1520 2321 solis
1599 2264 1678 2325 et
1756 2245 2161 2321 meridiem
2196 2262 2259 2341 3'
2306 2234 2549 2325 altera
2633 2272 2813 2321 vero
2902 2250 3534 2356 septentrionem·
3575 2278 3830 2329 versus
3866 2312 3886 2347 ,
3984 2254 4265 2332 deinde

886 2373 1264 2448 orientem
1346 2396 1606 2446 versus
1678 2396 1722 2444 e
1804 2371 2113 2473 regione
2197 2372 2686 2450 monumenti
2773 2371 3118 2447 Helenae
3147 2430 3166 2462 ‚
3253 2373 3834 2451 Adiabenorum
3913 2379 4259 2480 reginae,

881 2495 1238 2597 vergebat
1269 2553 1289 2587 ‚
1384 2492 1597 2569 unde
1679 2520 1821 2600 per
1907 2497 2307 2599 speluncas
2385 2491 2633 2594 regias
2718 2490 2804 2564 in
2895 2492 3244 2594 longum.
3312 2491 3543 2568 ducta
3593 2494 3818 2569 ·in'de
3909 2522 3959 2570 a
4044 2516 4268 2601 porta

879 2617 1269 2722 Ephraem
1337 2615 1437 2691 ad
1506 2642 1675 2692 eam
1750 2616 2080 2692 Herodis
2154 2613 2423 2712 (nunc
2498 2613 3109 2709 bah-ez-zahari)
3179 2615 3265 2689 in
3336 2616 3689 2727 angulari
3741 2619 3975 2694 turri
4045 2644 4271 2723 1¹pro-

879 2764 978 2845 pe
1058 2759 1658 2815 monumentum
1726 2740 2047 2814 fullonis
2109 2738 2601 2829 flectebatur,
2674 2754 2753 2813 ct
2819 2739 3146 2838 antiquo
3217 2766 3444 2815 muro
3510 2742 3924 2816 coniuncta
3970 2743 4061 2819 in
4115 2746 4294 2818 val-¹

888 2862 962 2937 lc
1017 2863 1295 2939 Maeon
1369 2861 1575 2936 inter
1642 2865 1920 2937 Acram
1987 2881 2065 2936 et
2136 2861 2469 2937 Moriam
2534 2862 2622 2936 in
2687 2861 2964 2936 vallem
3021 2836 3459 2938 Cedronem
3520 2858 3930 2940 definebat.
4013 2843 4286 2941 Deru-¹

888 2983 988 3060 de
1047 2967 1472 3091 probabilis
1525 2983 1970 3060 coniectura
2031 3001 2179 3073 ωε,
2255 2981 2341 3058 in
2408 2999 2628 3086 parte
2679 2998 3013 3057 extrema
3072 2982 3366 3060 boreali
3433 2984 3715 3076 Sionis,
3777 3001 3859 3062 et
3917 2975 4271 3063 occiden-

887 3107 1024 3185 tali
1074 3112 1316 3182 Acrae
1380 3135 1542 3182 non
1609 3107 2065 3214 simplicem
2093 3105 2322 3179 fuisse
2389 3133 2738 3194 murum,
2798 3103 2929 3180 sed
2995 3105 3280 3181 turrim
3330 3101 3838 3199 altissimam,
3831 3113 4042 3213 φιλ
4083 3107 4271 3190 urbs

893 3258 938 3306 a
1007 3248 1227 3335 parte
1303 3229 1886 3335 septentrionali
1950 3228 2124 3303 aliis
2172 3225 2569 3333 praesidiis
2639 3224 2960 3332 spoliata
3041 3246 3309 3306 contra
3383 3227 3766 3346 irruentes
3829 3223 4077 3305 hostes
4143 3229 4272 3306 de-

883 3353 1099 3432 fendi
1164 3374 1426 3458 posset.
3261 3373 3268 3382 ‘
4009 3365 4018 3382 '

1086 3478 1426 3553 Probant
1488 3476 1829 3579 denique
1896 3492 2235 3550 nostram
2280 3471 2739 3547 sententiam
2793 3473 3168 3575 reliquiae
3220 3487 3629 3551 murorum
3687 3477 3779 3552 (ἐκ
3825 3476 4022 3554 saxis
4073 3481 4266 3581 φιλι-Ι

886 3598 1125 3678 dratis
1213 3599 1454 3676 mirae
1557 3594 2116 3722 magnitudinis
2198 3611 2873 3682 constructorum,
2964 3620 3158 3732 quos
3232 3621 3476 3700 prope
3557 3616 3862 3714 portam
3937 3597 4265 3674 iudieia-

898 3723 1096 3800 riam
1180 3721 1583 3826 conspicis,
1657 3744 2004 3828 quosque
2063 3743 2214 3797 esse
2282 3714 2565 3830 rudera
2614 3712 2851 3790 huius
2904 3714 3142 3791 turris
3160 3773 3179 3805 ‚
3252 3716 3665 3794 maximam
3712 3717 3873 3792 veri
3935 3720 4265 3824 speciem

891 3844 1147 3921 liabet-

1093 3967 1244 4042 Tot
1300 3964 1549 4067 igitur
1623 3982 1993 4069 tantaque
2043 3961 2252 4037 tertii
2314 3958 2524 4038 muri
2569 3959 2876 4061 vestigia
2917 3957 3175 4035 adhuc
3240 3959 3534 4035 ostendi
3589 3979 3956 4098 possunt,
3985 3980 4135 4051 ut,
4197 3945 4264 4042 ‘ai

897 4090 1127 4165 illum
1177 4088 1329 4163 alio
1381 4087 1608 4162 modo
1661 4086 1877 4162 desei
1879 4089 2088 4161 lbere
2134 4084 2484 4173 velimus,
2538 4080 2737 4184 quid
2783 4080 2879 4155 de
2917 4081 3073 4158 'hac
3131 4081 3576 4161 ruderum
3554 4081 4017 4159 immanium
4073 4084 4266 4160 serie

895 4210 1393 4290 statuendum
1439 4211 1570 4299 sit,
1634 4207 1761 4284 vix
1829 4206 2158 4308 intelligi
2208 4206 2458 4311 possit.
2576 4206 2863 4280 Contra
2921 4202 3231 4304 vestigia
3289 4202 3530 4281 huius
3604 4204 3813 4281 muri
3883 4203 4137 4296 tertii,
4199 4203 4262 4278 si

893 4337 1057 4412 eius
1119 4334 1709 4440 descriptionem
1767 4333 1999 4411 aliam
2048 4354 2480 4434 proponere
2530 4329 2898 4416 ¹velimus,
2966 4327 3198 4431 plane
3251 4326 3640 4406 evanuisse
3683 4324 4264 4406 concedendum
4293 4306 4316 4323 ⁰

895 4479 1140 4552 esset3
1212 4460 1637 4563 fragmenta
1718 4457 1932 4532 euim
1998 4454 2442 4543 moenium,
2499 4477 2726 4556 quae
2813 4450 3062 4555 magis
3129 4467 3392 4550 averem
3465 4450 4065 4558 septentrionem
4139 4447 4265 4540 19²

1016 4720 1089 4797 k)
1172 4718 1301 4785 ιω,
1347 4717 1424 4780 de
1466 4717 1620 4781 heu.
1663 4715 1795 4783 iud.
1834 4715 1979 4793 vl,
2043 4715 2105 4782 ⁵.
