4694 5726
2406 413 2519 505 22

1177 655 1317 711 aut
1364 635 1925 710 confirmentur
1985 652 2125 729 aut
2170 633 2713 726 confutentur5
2778 635 3148 714 adhibitis
3195 637 3280 712 in
3330 639 3740 732 consilium
3786 660 3866 718 et
3909 645 4174 723 subsi-⁴

1178 754 1401 841 dium
1464 780 1666 859 quae
1732 755 2183 860 posteriores
2246 755 2517 834 Critiei
2586 756 3007 850 Ciceronis,
3071 754 3590 863 Heusingerii,
3641 763 4141 858 Goerenzius‚

1178 879 1353 968 alii,
1432 898 1598 955 tum
1676 903 1877 981 quae
1934 877 2320 953 novissimi
2390 879 2893 956 Grammatici
2961 881 3272 986 linguae
3331 881 3648 964 Latinae
3715 886 3982 981 iisdem
4048 889 4144 965 de

1177 1000 1407 1076 rebus
1450 1000 1658 1076 varie
1707 999 2125 1104 disputant.

878 1126 977 1203 11.
1078 1122 1295 1199 Libri
1362 1121 1459 1197 de
1519 1122 1850 1197 sectione
1933 1119 2439 1207 determinata
2518 1122 2760 1213 tertii,
2848 1125 3262 1229 Apollonio
3328 1129 3656 1230 Pergaeo
3712 1156 3754 1205 a
3807 1131 4141 1210 Roberto

1171 1245 1510 1335 Simsone
1582 1241 1828 1318 additi
1853 1302 1872 1334 ,
1976 1245 2454 1348 problemata
2539 1245 3270 1338 constructionibus,
3374 1247 4146 1332 determinationibus

1177 1384 1256 1441 et
1302 1363 2082 1442 demonstrationibus
2129 1366 2364 1441 simili
2416 1369 2757 1464 ratione,
2808 1396 2964 1472 qua
3024 1397 3279 1475 nuper
3316 1371 3611 1448 factum
3659 1394 3804 1463 est,
3859 1377 4145 1455 instru-

1172 1507 1432 1564 antur.

982 1611 1288 1708 Quibus
1336 1610 1639 1686 duabus
1705 1610 2117 1687 ordinariis
2178 1611 2758 1714 quaestionibus
2830 1613 3055 1689 tertia
3112 1612 3420 1688 'accedit
3493 1613 4137 1708 extraordinaria,

786 1757 1028 1834 eaque
1082 1720 1177 1820 ex*
1222 1758 1496 1835 genere
1545 1733 1899 1808 oratorio.
2003 1733 2444 1808 Praemium
2491 1733 2642 1810 erit
2687 1735 2986 1810 XXXV
3030 1752 3576 1836 argenteorum
3598 1793 3618 1825 ,
3685 1753 3763 1810 et
3826 1735 4144 1838 insignis

776 1853 1027 1946 favor,
1068 1857 1163 1951 ¹si
1236 1854 1412 1958 quis
1473 1851 1609 1951 (id
1669 1854 1884 1959 quod
1931 1873 2286 1961 optamus
2331 1855 2662 1931 maxime
2710 1875 2787 1931 et
2834 1854 3270 1958 speramus)
3334 1857 3419 1931 in
3469 1857 3862 1961 praeclaro
3919 1882 4144 1960 argu-

775 1981 1042 2053 mento
1089 1979 1410 2053 oratoris
1459 1996 1713 2082 partes
1758 1977 2269 2083 probabiliter
2315 1977 2740 2053 sustinebit.
2857 1979 3107 2081 Igitur
3154 1976 3344 2053 ordo
3391 1980 3764 2083 proponit
3808 1979 4143 2053 orationi

780 2097 1228 2174 scribendae
1274 2100 1537 2171 laudes
1585 2112 1656 2170 et
1697 2099 2029 2193 gloriam
2067 2099 2449 2170 Friderici
2508 2100 2859 2170 Guilelmi
2875 2149 2900 2190 ,
2972 2099 3254 2192 Magni
3322 2100 3704 2193 Principis
3767 2099 4142 2170 Electoris

781 2218 1472 2314 Brundenburgiei.

972 2341 1198 2434 Agite
1241 2342 1515 2434 igitur,
1564 2343 2172 2430 commilitones,
2238 2340 2596 2417 habetis‘
2576 2368 2664 2418 1n
2722 2368 2881 2442 quo
2929 2341 3125 2416 vires
3174 2360 3448 2431 vestras
3496 2339 3919 2416 exerceatis.
3987 2337 4141 2412 Sci-

775 2457 873 2532 tis
919 2473 1181 2529 autem
1230 2477 1541 2531 messem
1589 2453 2052 2565 plerumque
2102 2460 2562 2555 respondere
2614 2456 2978 2542 sementi,
3065 2478 3208 2528 nec
3255 2452 3580 2558 praemii
3649 2457 3866 2530 lucro
3925 2459 4142 2531 aesti-

773 2574 1149 2652 mandum
1227 2600 1373 2648 esse
1440 2591 1863 2663 certamen,
1928 2571 2139 2674 quod
2191 2572 2522 2662 inibitis‚
2588 2570 2718 2647 sed
2771 2572 3141 2662 utilitate,'
3214 2599 3414 2675 quae
3468 2573 3650 2648 inde
3699 2577 3785 2649 in
3835 2602 4143 2651 omnem

777 2698 1215 2774 studiorum
1263 2684 1690 2772 vestrorum
1740 2696 2121 2779 rationem
2170 2694 2660 2771 redundabit.
2765 2695 3182 2798 Reliquum
3230 2717 3340 2774 est
3387 2716 3480 2772 ut
3522 2698 3781 2773 Deum
3831 2716 3949 2773 ter
4009 2727 4142 2802 op-

779 2824 1061 2896 timum
1119 2820 1541 2895 maximum
1587 2818 1903 2925 publica
1961 2819 2127 2894 vice
2173 2842 2648 2922 comprecer,
2720 2833 2814 2891 ut
2875 2813 3188 2916 quando
3271 2815 3736 2892 academiam
3802 2837 4140 2895 nostram

775 2942 1057 3044 insigni
1109 2942 1407 3016 statoris
1454 2941 1665 3017 illius
1712 2939 2179 3027 dilectissimi
2229 2940 2633 3015 clementia
2702 2938 3319 3014 florentissimam
3378 2965 3528 3015 esse
3575 2941 3855 3030 voluit,
3924 2943 4138 3018 vobis

773 3066 1149 3140 beneficio
1217 3092 1353 3140 suo
1417 3064 1663 3141 faveat
1729 3066 2075 3167 viresque
2133 3083 2410 3141 vestras
2475 3061 2576 3137 ad
2637 3081 3181 3139 ornamentum
3246 3082 3326 3138 et
3389 3062 3954 3140 incrementum
4021 3066 4134 3139 rei

775 3188 1195 3264 litterariae
1219 3248 1235 3278 ‚
1317 3188 1768 3292 dignitatem
1817 3207 1896 3274 et
1944 3175 2542 3300 amplitudinem
2610 3185 2853 3260 almae
2926 3183 3161 3260 huius
3232 3184 3644 3261 Rhenanae
3705 3204 4130 3291 promptas,

775 3310 1141 3412 expositas
1189 3330 1265 3384 et
1315 3310 1594 3386 dicatas
1640 3335 1794 3385 esse
1845 3310 2126 3384 iubeat.

1071 3464 1165 3538 D.
1219 3466 1460 3542 XXV.
1512 3464 1785 3541 mensis
1833 3463 2017 3540 Iulii
2072 3462 2283 3567 1825.
