4694 5726
2569 390 2625 475 4

913 615 1122 690 intra
1179 613 1399 690 illam
1445 611 1715 703 fiiisse,
1764 636 1860 688 ex
1909 613 2020 689 Io.
2061 635 2189 711 19,
2248 636 2360 712 17.
2415 635 2532 687 ao.
2630 609 2868 689 Hebr.
2922 619 3051 707 ιδ,
3111 641 3222 691 12.
3269 615 3600 725 perspici
3648 637 3918 727 potest.
4018 624 4289 725 Quum

912 756 1174 814 autem
1221 738 1410 813 haec
1457 733 1616 810 duo
1662 735 1828 812 loca
1882 732 2136 812 media
2188 733 2352 810 fere
2403 733 2855 814 incivitate
2896 763 3114 815 nunc
3150 737 3692 832 ostendantur,
3743 743 4082 845 genuina
4126 746 4289 826 Titi

915 878 994 936 et
1040 858 1424 935 Hadriani
1487 859 1964 964 temporibus
1982 915 1987 920 -
2004 857 2238 964 plane
2294 854 2683 934 destructa
2742 856 3131 965 hodieque
3181 862 3444 963 ignota
3494 885 3646 941 esse
3686 863 4040 945 credunt.

1112 985 1458 1059 Multum
1521 1008 1702 1059 sane
1780 984 1989 1057 abest
2054 998 2148 1056 ut
2230 978 2423 1057 haec
2508 981 2957 1089 disceptatio
3033 983 3245 1061 facili
3331 986 3637 1088 negotio
3731 985 3835 1062 ad
3895 989 4293 1094 liquidum

915 1103 1280 1210 perduci,
1334 1125 1475 1181 aut
1527 1105 1830 1209 aliquot
1874 1104 2355 1208 pagellarum
2408 1105 2713 1183 ambitu
2760 1090 3186 1184 terminarix
3213 1108 3488 1212 possit:
3557 1108 3772 1185 Illud
3811 1129 4071 1190 tamen
4120 1115 4294 1191 bre-

916 1228 993 1302 vi
1052 1228 1199 1303 hac
1236 1228 1882 1305 commentatione
1915 1252 2041 1302 me
2088 1227 2549 1303 effecturum
2590 1246 2822 1332 puto,
2869 1247 2967 1305 ut
3019 1256 3180 1305 non
3229 1229 3483 1305 solum
3527 1253 3937 1340 appareat,
3989 1236 4294 1315 nullam

923 1373 1072 1426 esse
1133 1346 1548 1440 rationem,
1616 1374 1763 1422 cur
1813 1365 2164 1424 veterum
2211 1350 2591 1427 sententia
2639 1350 3076 1442 reiiciatur,
3139 1350 3272 1428 sed
3318 1351 3421 1428 ad
3466 1352 3673 1430 hanc
3713 1355 3957 1461 ipsam
4008 1358 4295 1436 confir-

913 1468 1278 1548 mandam
1323 1471 1582 1546 omnia
1639 1496 2021 1576 perquam
2059 1495 2212 1546 esse
2253 1470 2552 1546 idonea.
2651 1474 2748 1548 In
2787 1470 3242 1576 exponendo
3286 1499 3467 1549 vero
3515 1473 3750 1552 hocce
3797 1497 4292 1581 argumento,

918 1591 1114 1667 mihi
1168 1591 1436 1667 videor
1487 1591 1595 1667 ita
1640 1591 1923 1667 versari
1971 1590 2291 1684 debere,
2327 1610 2424 1669 ut
2467 1594 2817 1701 primum
2861 1621 2956 1673 ex
3001 1596 3183 1700 ipsis
3234 1596 3612 1690 fontibus,
3650 1626 3744 1677 ex
3776 1603 3866 1675 N.
3886 1605 3972 1678 T.
4002 1603 4296 1679 scilicet

916 1713 1425 1819 scriptoribus
1479 1733 1560 1792 et
1612 1715 1876 1791 Flavio
1933 1716 2255 1820 Iosepho
2313 1714 2412 1790 de
2478 1715 2637 1793 situ
2694 1718 2844 1794 loci
2906 1719 3320 1823 utriusque
3381 1706 3810 1849 weram(
3854 1722 4137 1801 deinde
4201 1749 4296 1804 ex

915 1836 1295 1912 hodierna
1345 1837 1924 1946 Hierosoly'mae
1968 1837 2166 1916 facie
2212 1839 2388 1917 illos
2448 1843 2884 1922 accuratius
2940 1842 3353 1936 definiam}
3431 1866 3934 1955 veterumque
3996 1865 4295 1925 senten·

917 1959 1105 2036 tiam
1152 1961 1494 2064 probem.

886 2182 905 2243 t
2482 2163 2554 2254 S
2658 2187 2724 2235 2·
2793 2180 2832 2245 ·-

1118 2329 1543 2433 Utriusque
1590 2330 1740 2405 loci
1792 2330 2049 2434 primo
2095 2332 2573 2409 mentionem
2619 2331 2940 2409 faciunt·
2967 2334 3058 2411 N.
3108 2335 3197 2409 Τ.
3246 2335 3691 2439 scriptores,
3740 2336 3851 2412 ita
3900 2355 4159 2417 tamen
4205 2357 4300 2416 ut

892 2482 1196 2532 ‚eorum
1262 2454 1455 2530 situs
1519 2483 1662 2560 pro
1734 2473 1942 2531 certo
2012 2454 2325 2531 definiri
2389 2482 2558 2531 non·
2608 2456 2861 2560 possit.
2985 2453 3399 2533 Referunt:
3450 2457 3733 2535 milites
3793 2459 4192 2537 Christum
4253 2489 4300 2539 a

912 2580 1166 2656 Pilato
1217 2580 1304 2655 in
1364 2579 1831 2682 Golgotham
1880 2578 2402 2668 abducentes,
2457 2596 2552 2654 ut
2597 2603 2781 2653 eum
2825 2578 3042 2655 cruci
3089 2578 3581 2683 mffigerent,
3630 2606 3723 2656 ex
3772 2584 3969 2659 urbe
4027 2582 4292 2661 exiisse

915 2702 1058 2801 (cf.
1111 2708 1251 2782 Mt.
1311 2716 1445 2805 27,
1514 2712 1634 2781 52.
1753 2706 1899 2779 Mc.
1960 2701 2090 2794 15,
2142 2730 2257 2779 no.
2373 2706 2558 2777 Luc.
2610 2706 2739 2790 23,
2795 2704 2913 2776 26.
3010 2705 3313 2805 Io.·19,
3389 2701 3581 2803 17.)‚
3643 2706 4060 2806 Iosephum
4123 2706 4300 2781 Ari·

914 2828 1481 2918 matheensem,
1529 2827 1677 2931 qui.
1723 2825 2016 2904 ibidem
2061 2825 2553 2916 versabatur,
2616 2824 2959 2899 Pilatum
3004 2822 3440 2916 aditurum,
3508 2843 3605 2901 ut
3663 2852 3944 2930 corpus
4014 2827 4300 2909 Christi

930 2952 1450 3056 expostularet
1470 3009 1492 3041 ‚
1542 2950 2087 3055 sepeliretque‚
2130 2949 2218 3024 in
2265 2946 2591 3024 eandem
2638 2947 2956 3021 intrasse
3000 2943 3142 3041 (cf.
3171 2949 3320 3023 Mc.
3374 2944 3459 3022 15
3477 3004 3500 3039 ‚
3533 2954 3654 3044 45.
3674 2945 3740 3044 ),
3791 2948 4010 3026 hunc
4043 2951 4306 3030 locum

920 3073 1108 3148 urbi
1155 3072 1509 3148 vicinum
1554 3069 1694 3167 (cf.
1745 3074 1852 3147 Io.
1919 3096 2045 3169 19,
2099 3065 2261 3163 20.)
2311 3065 2431 3164 a),
2494 3066 2627 3144 sed
2680 3088 2892 3144 extra
2940 3069 3160 3146 urbis
3207 3089 3515 3174 portam
3580 3069 3810 3147 fuisse
3870 3068 4016 3161 (cf.
4065 3074 4301 3150 Hebr.

929 3201 1051 3284 ιδ,
1114 3190 1272 3289 12.)
1324 3190 1443 3287 b):
1497 3211 1609 3270 est
1657 3192 1900 3295 igitur
1944 3210 2340 3296 apertum,
2384 3173 2849 3295 Golgotham
2898 3212 3110 3268 extra
3144 3180 3422 3269 urbem
3452 3194 3678 3270 sitam
3724 3195 3970 3272 fuisse.
4034 3195 4307 3271 Hiero·

845 3401 851 3406 ,
918 3321 1252 3424 solymae
1317 3318 1533 3394 enim
1596 3335 1691 3392 ut
1756 3320 2039 3392 Romae
2103 3340 2319 3391 more
2391 3315 2764 3418 quodam.
2799 3317 3118 3421 legeque
3191 3335 3591 3421 receptum
3654 3317 3811 3394 fuit
3832 3376 3854 3408 ‚
3925 3336 4021 3393 ut
4086 3318 4301 3394 locus

920 3441 1290 3548 supplicii
1343 3460 1558 3518 extra
1592 3440 1810 3516 urbis
1848 3458 2163 3545 portam
2202 3458 2406 3515 esset.
2505 3436 2654 3514 Sed
2703 3437 3042 3514 eundem
3089 3465 3236 3514 nec
3283 3440 3384 3515 ab
3434 3442 3631 3515 urbe
3681 3438 3753 3537 c)
3802 3466 3946 3517 nec
3994 3469 4039 3516 a
4087 3462 4306 3544 prae·

924 3567 1122 3643 torio
1170 3567 1290 3640 vel
1338 3591 1512 3640 arce
1562 3563 1904 3640 Antonia
1953 3563 2181 3639 fuisse
2228 3579 2657 3651 remotum,
2704 3559 3209 3662 vicinumque
3258 3561 3423 3635 viae
3471 3561 3866 3665 publicae,
3923 3562 4064 3641 ubi
4110 3587 4288 3668 per·

921 3690 1152 3767 multi
1206 3691 1530 3766 transire
1602 3689 1950 3765 solebant
1995 3683 2116 3781 d),
2166 3711 2260 3761 ex
2307 3682 2577 3760 iisdem
2626 3683 2809 3759 locis
2855 3711 3095 3787 supra
3143 3682 3475 3758 laudatis
3523 3704 3866 3788 apparet.

1119 3811 1422 3890 Ibidem
1470 3840 1745 3915 agrum
1788 3811 1909 3886 vel
1958 3809 2280 3886 hortum
2327 3806 2742 3914 proprium
2763 3864 2782 3897 ,
2859 3808 2946 3882 in
2993 3832 3238 3910 eoque
3306 3808 3751 3911 sepulcrum
3802 3808 3890 3883 in
3937 3808 4132 3883 saxis
4180 3805 4302 3882 in-

923 3937 1170 4014 cisum
1215 3936 1498 4013 habuit
1542 3933 1909 4040 Iosephus
1958 3933 2093 4007 ille
2140 3928 2265 4028 (cf.
2313 3919 2421 4008 Io.
2482 3955 2618 4030 19,
2667 3925 2856 4025 41.),
2907 3928 3131 4005 cuius
3177 3953 3265 4005 ea
3313 3929 3472 4006 fuit
3534 3930 3620 4007 in
3661 3929 4110 4012 Dominum
4141 3930 4310 4010 Νο-

934 4131 941 4138 .
1050 4154 1124 4243 a)
1210 4157 1391 4240 ἐγγὺς
1436 4152 1517 4230 ἦν
1559 4156 1596 4217 ὁ
1638 4152 1848 4229 τόπος
1888 4156 2010 4228 τῆς
2049 4149 2320 4226 πόλεως,
4117 4233 4204 4285 υ

1052 4287 1124 4365 b)
1212 4284 1331 4363 ἔξω
1371 4293 1491 4360 τῆς
1531 4283 1740 4360 πύλης
1782 4280 2017 4346 ἔπαθε.
4118 4267 4165 4284 ““

1074 4422 1133 4494 c)
1219 4413 1303 4478 cf.
1349 4416 1442 4480 Io.
1492 4435 1615 4499 19,
1659 4434 1762 4480 ao.

1055 4545 1129 4626 d)
1213 4547 1296 4609 cf.
1339 4547 1456 4616 Mt.
1499 4568 1619 4630 27,
1664 4547 1767 4629 59.
1849 4543 1984 4612 Mc.
2033 4543 2153 4622 15,
2197 4561 2299 4627 29.
2380 4541 2542 4607 Luc.
2584 4542 2699 4623 25,
2740 4544 2847 4611 55.
2930 4545 3026 4610 10.
3078 4563 3184 4628 ¹9,
3245 4563 3344 4608 20.
3440 4507 3596 4608 Fuit
3651 4509 3804 4608 hoc·
3838 4543 3909 4606 in
3962 4563 4084 4609 m
4139 4541 4312 4630 apud

1178 4672 1429 4728 veteres
1469 4664 1556 4728 cf.
1597 4660 1921 4748 Lamprid.
1965 4681 2022 4724 c.
2064 4662 2167 4724 23.
2205 4657 2485 4742 Quintil.
2566 4661 2726 4725 Dec.
2771 4662 2912 4745 ²7⁵·
2956 4660 3166 4724 Cicer.
3210 4659 3394 4728 verr.
3434 4659 3542 4729 66.
