4694 5726
2134 349 2239 427 17

574 570 581 575 ’
701 575 935 649 Hunc
970 618 985 635 ι
1015 570 1371 647 libellum
1443 566 1747 671 scripsit
1835 565 1964 640 10.
2051 565 2228 640 IOS.
2315 564 2575 641 GUIL.
2670 564 2998 644 BRAUN
3031 623 3052 654 ‚
3138 562 3494 665 Theolog.
3575 562 3870 637 Cathol.

505 693 827 773 Studios.
859 751 878 784 ,
940 689 1731 769 Borusso-Rbenanus
1778 710 1871 759 ex
1929 710 2125 788 pago
2184 684 2528 785 Gronau.
2591 706 2596 715 ·
3229 736 3236 745 .

534 888 549 917 ‹
699 944 835 1015 111.
939 936 1220 1012 ORDO
1314 933 1771 1007 ICTORUM
1862 927 2061 1037 duas*
2101 943 2607 1030 proposuerat
2669 882 3146 1027 quaestiones
3194 925 3375 1000 has:

702 1062 996 1151 Unam:
1069 1057 1163 1125 de
1217 1051 1771 1133 conditionibus
1797 1049 2279 1144 probationis
2316 1071 2463 1140 per
2509 1059 2728 1116 testes
2768 1070 2860 1116 ex
2899 1060 3143 1118 vetere
3190 1049 3354 1117 iure
3402 1045 3879 1122 Germanico.

698 1180 1082 1256 Alteram:
1157 1178 1554 1264 Quaenam
1606 1173 1807 1243 ratio
1860 1185 1931 1240 et
1975 1195 2165 1264 quae
2197 1171 2386 1260 sata
2435 1169 2729 1261 suerint
2780 1169 2859 1238 in
2913 1171 3077 1238 iure
3132 1170 3486 1240 Romano
3537 1173 3878 1264 regulae:

888 1324 1037 1396 per
1090 1311 1525 1370 extraneam
1564 1312 1978 1390 personam
2024 1291 2391 1363 neminem
2445 1289 2837 1387 acquirere
2891 1301 2963 1358 et
3016 1287 3343 1383 obligari
3361 1335 3369 1343 -
3383 1314 3628 1385 posse.

702 1542 956 1618 Priori
1021 1520 1451 1645 quaestioni
1525 1567 1749 1616 nemo
1817 1536 2274 1643 respondere
2335 1535 2646 1624 voluitr
2690 1533 2905 1633 quod
2953 1535 3051 1607 ab
3101 1534 3397 1633 Ordine
3461 1535 3681 1610 valde
3746 1535 3880 1612 do—

504 1668 717 1742 letur
739 1716 764 1752 ‚
829 1690 1009 1740 cum
1058 1650 1313 1739 thema
1365 1663 1847 1769 propositum
1897 1684 2149 1760 neque
2219 1657 2559 1731 utilitate
2607 1672 2686 1730 et
2734 1652 3220 1729 iucunditate
3270 1657 3665 1750 caruisset,
3743 1684 3874 1731 ne-

507 1811 663 1888 que
727 1783 969 1857 nimia
1021 1781 1516 1871 difficultate,
1583 1781 1642 1855 si
1719 1781 1962 1866 rectis
2002 1781 2156 1863 suis
2222 1778 2509 1851 finibus
2594 1777 3265 1879 circumscriptum
3323 1778 3604 1869 fuerit,
3677 1778 3888 1854 labo-

505 1925 752 1991 rasset.
856 1902 1190 1978 Proinde
1237 1921 1495 2007 sperat
1536 1901 1741 1976 idem
1796 1900 2049 1989 Ordo,
2125 1901 2288 1975 fore
2344 1918 2436 1973 ut
2488 1922 2687 2000 quae
2742 1897 3400 1973 commilitonibus
3456 1918 3534 1976 et
3586 1899 3880 2001 ingenii

513 2027 707 2100 iuste
770 1984 1170 2113 exercendi
1229 2040 1307 2097 et
1359 2020 1612 2095 laudis
1666 2020 2109 2122 gloriaeque
2167 2017 2700 2121 adipiscendae
2742 2018 3027 2092 occasio
3059 2004 3441 2111 offertur,
3495 2049 3655 2096 non
3702 2047 3882 2097 con-

507 2164 942 2259 temnatur‚
1002 2143 1133 2218 sed
1196 2163 1290 2217 ut
1342 2142 1608 2217 eadem
1671 2142 2115 2243 quaestione
2183 2137 2507 2295 repetita
2575 2136 2808 2212 multi
2862 2163 3067 2213 anno
3132 2164 3314 2213 mox
3373 2160 3737 2241 sequente
3795 2144 3886 2219 in

505 2290 735 2355 arena
786 2262 1357 2366 propugnaturi
1405 2279 1857 2335 exc1tentur

701 2386 822 2457 De
868 2386 1106 2458 alteia
1159 2385 1605 2485 quaestione
1673 2382 1998 2460 exhibiti
2060 2401 2245 2460 sunt
2296 2379 2580 2458 Ordini
2640 2380 2887 2455 libelli
2955 2396 3325 2480 quatuor,
3394 2379 3517 2458 his
3579 2401 3883 2483 senten·-

510 2506 633 2583 tiis
681 2504 1045 2581 distincti.

717 2624 967 2696 Unus:
1039 2628 1352 2729 Semper
1414 2644 1751 2700 tentasse.
1793 2626 2107 2700 iuvabit.

701 2740 979 2819 Alter:
1006 2748 1326 2821 Natura
1377 2744 1884 2847 cupiditatem
1946 2745 2303 2846 ingenuit
2350 2745 2689 2835 homini,
2747 2746 2910 2821 veri
2962 2744 3432 2829 inveniendi.

714 2868 1057 2939 Tertius:
1115 2868 1413 2954 ‚Omnia
1476 2865 1578 2939 ad
1622 2868 1993 2941 maiorem
2037 2868 2185 2942 Dei
2252 2868 2598 2969 gloriam.

681 2993 1090 3079 Quartus:
1162 2990 1415 3064 Multa
1468 2988 1656 3063 tulit
1711 2988 2047 3090 fecitque
2113 3017 2342 3094 puer,
2413 2990 2715 3066 sudavit
2768 3009 2847 3066 et
2905 2993 3100 3068 alsit.

699 3234 983 3312 Omnes
1043 3233 1189 3308 ha‘e
1241 3234 1917 3308 commentationes
1971 3233 2222 3338 elapso
2276 3235 2619 3337 legitimo
2689 3235 2934 3338 spatio
2994 3235 3297 3309 oblatae
3339 3255 3568 3328 sunt,
3639 3238 3744 3352 ita
3790 3257 3889 3315 ut

501 3374 908 3492 propterea
962 3357 1119 3430 iam
1167 3384 1212 3430 a
1271 3356 1686 3431 certamine
1731 3354 2262 3430 excludantur.
2364 3358 2664 3438 Verum
2724 3357 2861 3430 etsi
2922 3354 3138 3431 Ordo
3182 3357 3440 3432 minus
3497 3345 3750 3434 severe
3789 3360 3891 3435 de

504 3477 647 3552 ista
692 3503 914 3551 causa
963 3477 1246 3552 sentire
1300 3477 1577 3567 vellet,
1643 3476 1839 3549 aliae
1906 3495 2167 3552 tamen
2238 3476 2573 3582 rationes
2647 3477 3105 3566 obfuerunt,
3180 3457 3597 3580 quominus
3670 3507 3892 3618 prae-

503 3599 662 3680 mio
732 3599 996 3673 ornari
1066 3600 1510 3703 potuissent.
1611 3600 1796 3672 Tres
1845 3598 2061 3672 enim
2110 3600 2404 3703 priores
2456 3597 2556 3671 ab
2611 3623 2702 3671 eo
2767 3597 2982 3698 quod
3050 3598 3263 3673 Ordo
3328 3627 3637 3705 sperare
3689 3602 3890 3677 iuste

465 3712 827 3823 poterat,
866 3719 1090 3821 longe
1129 3721 1698 3818 aberraverunt.
1799 3723 2195 3797 Praeterea
2231 3720 2485 3823 prima
2525 3738 2603 3793 et
2651 3719 2876 3794 tertia
2926 3745 3223 3793 summa
3264 3720 3573 3822 linguae
3613 3741 3692 3799 et
3733 3726 3893 3800 stili

466 3840 833 3942 'incuria
866 3842 1339 3946 conscriptae
1391 3861 1594 3917 sunt.
1699 3827 2042 3939 Quartus
2066 3843 2393 3916 libellus
2412 3898 2432 3931 ‚
2496 3867 2718 3916 versu
2773 3841 3116 3915 Horatii:
3172 3842 3423 3918 Multa
3468 3844 3638 3915 tulit
3657 3847 3890 3939 feeit·

402 3989 415 4002 ,
486 3957 882 4063 'queJmer
932 3974 1066 4031 ete.
1092 4013 1115 4050 ,
1188 3963 1625 4065 insignitus,
1689 3983 2017 4039 caeteros
2065 3963 2387 4064 quidem
2447 3982 2526 4038 et
2588 3961 2845 4039 studio
2910 3980 2989 4038 et
3052 3990 3316 4041 rerum
3390 3966 3610 4071 copia
3663 3969 3892 4072 longe

436 4075 439 4078 ¹
504 4083 939 4188 praecellit3
994 4081 1126 4158 sed
1184 4111 1366 4160 cum
1416 4087 1613 4159 iusta
1654 4084 2015 4160 methodo
2062 4088 2224 4165 non
2276 4103 2665 4176 uteretur,
2728 4084 3123 4162 cardinem
3169 4089 3606 4194 propositae
3653 4115 3890 4191 quae-

484 4205 773 4310 ‚stionis
826 4232 988 4281 non
1040 4204 1308 4309 tetigit.
1428 4206 1637 4279 Hinc
1682 4231 1724 4278 e
1771 4208 2146 4282 sententia
2195 4205 2516 4283 Ordinis
2568 4207 2757 4284 huic
2810 4210 3440 4296 commentationi
3492 4236 3639 4315 pro
3688 4237 3900 4314 mag,

508 4328 683 4417 nis,
761 4344 856 4402 ut
924 4323 1285 4417 videtur,
1359 4325 1693 4402 auctoris
1749 4324 2183 4405 laboribus
2210 4355 2391 4434 suae
2457 4328 2780 4433 quidem
2837 4328 3102 4410 laudes
3169 4360 3333 4413 non
3393 4330 3897 4437 denegandae

508 4464 731 4541 sunt,
797 4447 961 4555 ipsa
1012 4463 1272 4526 tamen
1312 4446 1572 4554 palma
1635 4442 1880 4522 tribui
1941 4473 2105 4526 non
2167 4468 2489 4557 poterat.

778 5205 781 5214 Ι
1003 5247 1017 5261 0

1848 5287 1875 5310 ὀ

18 5413 23 5426 ι

13 5441 1913 5726 μᾷ
