4694 5726
3643 294 3658 327 k

2134 363 2372 441 19.

521 584 1014 695 philosophia
1060 583 1379 660 subacto
1423 580 1623 657 bene
1668 582 2138 687 explicatum
2184 600 2342 676 αις
2411 580 2628 686 quod
2677 580 2794 658 ‘ad
2843 583 3166 659 alteram
3212 583 3678 684 quaestionis
3725 612 3901 690 par-

520 730 678 786 tem
738 708 1053 803 attinet,
1116 705 1462 810 plurima
1523 703 1634 779 ita
1697 723 1883 780 sunt
1946 704 2400 795 constituta,
2466 723 2572 783 ut
2633 731 3017 785 assensum
3086 702 3444 781 cohibere
3522 732 3892 811 nequeas,

516 852 771 934 neque
817 829 1133 919 desunt,
1201 827 1489 931 quibus
1535 843 1925 929 augeatur·
1956 824 2236 902 notitia
2285 826 2723 903 litterarum
2774 825 3158 923 (eminent
3204 844 3466 903 autem
3514 829 3720 911 inter
3766 857 3888 921 ea,

517 980 717 1059 quae
766 951 863 1029 de
910 953 1360 1028 fabularum
1406 946 2078 1036 Locmanicarum,
2144 972 2349 1049 quae
2411 947 2813 1039 feruntur,
2881 946 3098 1025 fonte
3161 949 3582 1055 principali
3655 971 3890 1054 atque

519 1092 766 1152 aetate
825 1067 1306 1164 eruuntur),
1376 1066 1718 1170 denique
1774 1067 2077 1143 fabulas
2139 1068 2770 1170 aliquammultas
2835 1069 3256 1147 novissimis
3326 1074 3559 1150 etiam
3623 1078 3892 1152 collec-

518 1195 864 1272 tionibus
910 1188 1296 1267 addendas
1339 1188 1610 1263 attulit
1656 1206 1958 1277 auctor,
2008 1187 2621 1293 Apophtegmata
2672 1208 2933 1266 tamen
2984 1192 3137 1267 sive
3187 1195 3668 1293 ἀποκρίματα
3693 1250 3715 1284 ,
3771 1217 3893 1273 ut-

436 1308 449 1322 '
514 1334 695 1422 pote
741 1340 961 1418 quae·
987 1313 1088 1388 ab
1134 1312 1409 1416 Aesopi
1458 1308 1808 1398 nomine,
1861 1336 2082 1386 causa
2133 1309 2455 1414 quidem
2503 1339 2665 1388 non
2713 1311 3141 1390 sufficiente
3162 1372 3182 1406 ,
3228 1317 3695 1421 seiungenda
3743 1346 3889 1425 pu-

478 1453 750 1527 =taret,
817 1434 1023 1512 nihil
1082 1458 1381 1509 curans.
1480 1436 1647 1507 Iam
1696 1456 1948 1533 quum
1996 1430 2381 1509 iudicium
2455 1454 2754 1511 rectum
2830 1462 3134 1539 usuque
3199 1439 3466 1541 aliquo
3529 1442 3891 1517 exercita·-

514 1580 724 1653 tum,
761 1557 1498 1637 acumen-criticum
1543 1573 1623 1632 et
1668 1556 2056 1657 sagacitas,
2109 1555 2324 1630 notio
2373 1555 2604 1660 prhci
2653 1546 2819 1634 aevi
2867 1558 3083 1633 haud
3130 1560 3506 1663 vulgaris,
3559 1562 3645 1637 in
3699 1583 3885 1641 tem-—

512 1683 837 1789 poribus
896 1682 1141 1788 probe
1219 1677 1738 1756 discernendis
1803 1676 2206 1780 diligentia
2288 1678 2565 1754 merito
2650 1680 2940 1784 possint
3018 1681 3488 1785 praedicari3
3581 1686 3885 1763 facilius

515 1804 1087 1884 condonabitur
1138 1823 1307 1880 tum
1355 1803 1602 1881 oratio
1650 1800 1972 1877 omnino
2018 1798 2281 1873 minus
2328 1826 2580 1905 pressa
2645 1821 2723 1876 et
2787 1801 3164 1877 concinna
3182 1860 3202 1892 ,
3284 1823 3452 1880 tum
3516 1808 3883 1910 expositio

513 1948 796 2032 parum
844 1925 1188 2001 dilucida
1207 1983 1228 2014 ,
1280 1950 1532 2028 quum
1576 1923 1667 1998 in
1712 1918 2183 2025 quibusdam
2233 1921 2441 1995 casui
2503 1950 2582 1999 se
2647 1922 3070 2026 regendum
3144 1924 3443 2003 dederit
3512 1930 3842 2034 scriptor
3862 1991 3881 2022 ,

517 2050 603 2123 in
651 2049 985 2125 aliorum
1034 2047 1552 2152 opinionibus
1614 2045 1735 2118 vel
1794 2042 2209 2118 levioribus
2274 2043 2752 2119 recensendis
2815 2047 3047 2123 nimis
3108 2074 3326 2153 saepe
3391 2052 3688 2129 multus
3744 2054 3844 2130 sit
3865 2113 3886 2144 ,

516 2192 660 2243 nec
704 2169 1102 2243 enucleate
1150 2167 1326 2241 satis
1373 2184 1452 2240 et
1499 2165 1884 2267 eleganter
1933 2161 2456 2266 disputaverit.
2583 2166 2892 2300 Quibus
2937 2167 3143 2245 vitiis
3191 2198 3352 2273 quo
3401 2171 3886 2274 frequentius

511 2290 766 2392 prima
813 2288 1239 2393 specimina
1279 2286 1657 2363 litteraria
1705 2286 2056 2360 laborare
2104 2283 2385 2373 solent,
2453 2309 2544 2360 eo
2594 2284 3049 2391 impensius,
3120 2290 3261 2390 qui
3331 2291 3416 2365 in
3488 2312 3884 2394 posterum

513 2408 608 2484 de
656 2412 912 2514 palma
963 2409 1110 2484 hac
1158 2428 1414 2484 nostra
1466 2408 2004 2495 decertabant,
2055 2405 2525 2481 admonendi
2575 2427 2794 2498 sunt,
2863 2430 2955 2486 ut
3005 2411 3508 2488 retractandis
3554 2414 3885 2493 subinde

511 2530 814 2636 seriptis
859 2533 1014 2606 suis
1061 2531 1206 2607 hac
1255 2529 1489 2607 etiam
1538 2556 1632 2603 ex
1678 2547 1898 2636 parte
1944 2526 2415 2604 satisfaciant
2457 2528 3023 2630 exspectationi.
3697 2554 3707 2587 ³

709 2652 1074 2750 Quaestio
1123 2651 1436 2756 physica
1486 2677 1720 2754 porro
1768 2650 1958 2723 haec
2010 2667 2222 2723 erat·

903 2776 1341 2846 Postulatu‘r
1376 2826 1381 2829 -
1393 2770 2090 2868 phaenomenorum
2165 2771 2435 2841 electro
2458 2808 2499 2827 -
2522 2771 2999 2865 magnetismi
3025 2824 3050 2863 ,
3117 2774 3236 2846 his
3304 2782 3763 2875 temporibus
3826 2811 3880 2856 a

897 2897 1240 2992 physicis
1312 2896 1813 2967 celeberrimis
1883 2893 2448 2967 observatorum
2508 2897 2875 2990 expositio
2945 2897 3315 2973 historica
3348 2953 3374 2993 ,
3475 2910 3880 2982 coniuncta

903 3043 1074 3089 cum
1128 3018 1470 3088 examine
1524 3016 1787 3087 critico
1847 3013 2365 3110 hypothesium
2382 3068 2405 3106 ,
2476 3042 2668 3112 quae
2717 3018 2828 3088 ad
2851 3023 2855 3030 '
2881 3020 3335 3112 explicanda
3386 3025 3577 3099 haec
3620 3029 3879 3122 phaen-

901 3165 1225 3213 nomena
1268 3140 1621 3234 prolatae
1675 3150 1866 3209 sunt.

703 3268 997 3339 Auctor
1028 3258 1743 3350 commentationis,
1815 3258 2160 3362 symbolo
2208 3257 2627 3335 instructae
2664 3293 2680 3334 ε
2741 3261 3140 3356 collegisse
3195 3262 3407 3338 iuvat
3437 3318 3463 3357 ,

509 3412 709 3493 quae
758 3387 989 3462 unica
1042 3384 1324 3461 Ordini
1375 3384 1629 3459 oblata
1678 3401 1828 3472 est,
1898 3382 1984 3456 in
2053 3378 2444 3456 tradendis
2491 3381 3084 3487 Phaenomenis,
3153 3384 3706 3491 hypothesibus
3752 3415 3876 3468 ein-

508 3505 888 3612 ponendis
970 3502 1641 3605 diiudicandisque
1717 3503 1824 3578 ita
1903 3519 2237 3577 versatus
2324 3521 2436 3577 est
2475 3560 2495 3592 ,
2584 3529 2826 3606 eaque
2909 3508 3327 3611 specimina
3393 3509 3818 3589 industriae
3848 3575 3867 3606 ,

508 3627 867 3703 scientiae
897 3683 919 3718 ,
987 3623 1364 3699 acuminis
1441 3641 1517 3698 et
1597 3622 1889 3725 ingenii
1957 3623 2316 3701 exhibuit
2355 3683 2375 3716 ,
2465 3645 2556 3702 ut
2639 3631 3077 3732 praemium
3146 3631 3217 3705 ei
3295 3633 3640 3711 tribuere
3708 3665 3869 3715 non

510 3744 982 3822 dubitaverit
1052 3743 1335 3822 Orda*
1446 3748 1839 3820 Summam
1903 3744 2137 3819 etiam
2201 3745 2514 3822 laudem
2588 3749 3018 3842 meruisset,
3103 3751 3168 3826 si
3231 3751 3616 3832 frictionis
3682 3761 3872 3860 'quo-

508 3893 665 3972 que
727 3870 1310 3952 electricitatem
1377 3867 1748 3972 respicere
1815 3892 1976 3942 non
2032 3868 2405 3968 ‘omisisset
2428 3899 2449 3959 3
2519 3868 2582 3944 si
2655 3868 2741 3943 in
2810 3868 3307 3973 physicorum
3371 3876 3871 3979 opinionibus

508 3988 978 4093 quibusdam
1030 3987 1517 4075 recensendis
1589 4008 1669 4064 et
1737 3986 2172 4063 refellendis
2239 3989 2535 4092 ubique
2601 4015 2868 4095 parem
2934 3990 3416 4095 diligentiam
3477 3995 3874 4075 adhibuis-

507 4132 619 4190 set
644 4151 674 4204 2,
758 4132 992 4217 atque
1034 4157 1047 4166 -
1085 4114 1456 4215 magnetis
1538 4099 1917 4187 theoriam
1945 4169 1965 4201 ,
2052 4112 2383 4215 physicis
2466 4137 2709 4213 usque
2794 4111 3054 4190 adbuc
3089 4117 3525 4222 ‘probatam
3548 4176 3568 4209 ,
3648 4121 3874 4197 cuius

508 4237 979 4314 mentionem
1030 4237 1247 4328 fecit,
1311 4236 1578 4341 paullo
1626 4233 2057 4310 accuratius
2103 4234 2600 4338 exposuisset,
2668 4235 2734 4310 si
2781 4232 3120 4339 deniquae
3165 4257 3490 4345 propter
3532 4241 3872 4319 nimium

503 4359 898 4437 brevitatis
942 4358 1291 4436 studium
1340 4358 1967 4464 perspicuitatem
2012 4357 2416 4435 interdum
2461 4384 2621 4434 non
2672 4359 3111 4461 neglexisset
3132 4413 3160 4453 ,
3201 4362 3722 4467 sermonisque
3761 4367 3869 4444 la-

482 4476 656 4556 tini
698 4480 1226 4584 integritatem
1271 4505 1361 4555 ac
1408 4478 1849 4585 puritatem.
3933 4475 3946 4484 '

644 4606 817 4678 In.
852 4599 1129 4680 lituris
1193 4599 1763 4680 Orientalibus-
1752 4618 2290 4707 -proposuerat
2361 4598 2640 4692 ordo,
2728 4607 2814 4676 at
2862 4625 2956 4678 en
3023 4603 3281 4678 codiee
3344 4611 3864 4708 manswipto
3973 4639 3996 4654 κ
